
@incollection{pauw_automatic_2007,
	series = {Lecture Notes in Computer Science},
	title = {Automatic Diacritic Restoration for Resource-Scarce Languages},
	copyright = {©2007 Springer-Verlag Berlin Heidelberg},
	isbn = {978-3-540-74627-0, 978-3-540-74628-7},
	url = {http://link.springer.com/chapter/10.1007/978-3-540-74628-7_24},
	language = {en},
	number = {4629},
	urldate = {2014-12-09},
	booktitle = {Text, Speech and Dialogue},
	publisher = {Springer Berlin Heidelberg},
	author = {Pauw, Guy De and Wagacha, Peter W. and Schryver, Gilles-Maurice de},
	editor = {Matoušek, Václav and Mautner, Pavel},
	month = jan,
	year = {2007},
	keywords = {Artificial Intelligence (incl. Robotics), Data Mining and Knowledge Discovery, Information Storage and Retrieval, Information Systems Applications (incl.Internet), Language Translation and Linguistics},
	pages = {170--179},
}

@inproceedings{zitouni_maximum_2006,
	address = {Stroudsburg, {PA}, {USA}},
	series = {{ACL}-44},
	title = {Maximum Entropy Based Restoration of Arabic Diacritics},
	url = {http://dx.doi.org/10.3115/1220175.1220248},
	doi = {10.3115/1220175.1220248},
	urldate = {2014-12-09},
	booktitle = {Proceedings of the 21st International Conference on Computational Linguistics and the 44th Annual Meeting of the Association for Computational Linguistics},
	publisher = {Association for Computational Linguistics},
	author = {Zitouni, Imed and Sorensen, Jeffrey S. and Sarikaya, Ruhi},
	year = {2006},
	pages = {577--584},
}

@article{ungurean_automatic_????,
	title = {Automatic diacritic restoration for a {TTS}-based e-mail reader application},
	author = {Ungurean, Cătălin and Burileanu, Dragoş and Popescu, Vladimir and Negrescu, Cristian},
}

@article{zitouni_arabic_2009,
	title = {Arabic diacritic restoration approach based on maximum entropy models},
	volume = {23},
	issn = {0885-2308},
	url = {http://www.sciencedirect.com/science/article/pii/S0885230808000351},
	doi = {10.1016/j.csl.2008.06.001},
	number = {3},
	urldate = {2014-12-09},
	journal = {Computer Speech \& Language},
	author = {Zitouni, Imed and Sarikaya, Ruhi},
	month = jul,
	year = {2009},
	keywords = {Arabic diacritic restoration, Finite state transducer, Maximum entropy, Vowelization},
	pages = {257--276},
}

@incollection{nguyen_diacritics_2010,
	series = {Lecture Notes in Computer Science},
	title = {Diacritics Restoration in Vietnamese: Letter Based vs. Syllable Based Model},
	copyright = {©2010 Springer-Verlag Berlin Heidelberg},
	isbn = {978-3-642-15245-0, 978-3-642-15246-7},
	shorttitle = {Diacritics Restoration in Vietnamese},
	url = {http://link.springer.com/chapter/10.1007/978-3-642-15246-7_61},
	language = {en},
	number = {6230},
	urldate = {2014-12-09},
	booktitle = {{PRICAI} 2010: Trends in Artificial Intelligence},
	publisher = {Springer Berlin Heidelberg},
	author = {Nguyen, Kiem-Hieu and Ock, Cheol-Young},
	editor = {Zhang, Byoung-Tak and Orgun, Mehmet A.},
	month = jan,
	year = {2010},
	keywords = {Artificial Intelligence (incl. Robotics), Computation by Abstract Devices, Database Management, Data Mining and Knowledge Discovery, Information Storage and Retrieval, Information Systems Applications (incl.Internet)},
	pages = {631--636},
}

@inproceedings{maamouri_diacritization:_????,
	title = {Diacritization: A challenge to arabic treebank annotation and parsing},
	author = {Maamouri, Mohamed and Bies, Ann and Kulick, Seth},
}

@inproceedings{cocks_word-based_2011,
	title = {A word-based approach for diacritic restoration in Māori},
	booktitle = {Australasian Language Technology Association Workshop 2011},
	author = {Cocks, John and Keegan, Te Taka},
	year = {2011},
	pages = {126},
}

@inproceedings{wagacha_grapheme-based_2013,
	title = {A Grapheme-Based Approach for Accent Restoration in Gıkuyu},
	author = {Wagacha, Peter W. and De Pauw, Guy and Githinji, Pauline W.},
	year = {2013},
}

@inproceedings{aabed_arabic_2007,
	title = {Arabic diacritics based steganography},
	isbn = {1424412358},
	booktitle = {Signal Processing and Communications, 2007. {ICSPC} 2007. {IEEE} International Conference on},
	publisher = {{IEEE}},
	author = {Aabed, Mohammed A. and Awaideh, Sameh M. and Elshafei, A.-RM and Gutub, Adnan A.},
	year = {2007},
	pages = {756--759},
}

@incollection{mihalcea_diacritics_2002,
	series = {Lecture Notes in Computer Science},
	title = {Diacritics Restoration: Learning from Letters versus Learning from Words},
	copyright = {©2002 Springer-Verlag Berlin Heidelberg},
	isbn = {978-3-540-43219-7, 978-3-540-45715-2},
	shorttitle = {Diacritics Restoration},
	url = {http://link.springer.com/chapter/10.1007/3-540-45715-1_35},
	language = {en},
	number = {2276},
	urldate = {2014-12-09},
	booktitle = {Computational Linguistics and Intelligent Text Processing},
	publisher = {Springer Berlin Heidelberg},
	author = {Mihalcea, Rada F.},
	editor = {Gelbukh, Alexander},
	month = jan,
	year = {2002},
	keywords = {Artificial Intelligence (incl. Robotics), Information Storage and Retrieval, Language Translation and Linguistics, Mathematical Logic and Formal Languages},
	pages = {339--348},
}

@inproceedings{mihalcea_letter_2002,
	title = {Letter level learning for language independent diacritics restoration},
	booktitle = {proceedings of the 6th conference on Natural language learning-Volume 20},
	publisher = {Association for Computational Linguistics},
	author = {Mihalcea, Rada and Nastase, Vivi},
	year = {2002},
	pages = {1--7},
}

@article{tufis_diac+:_2008,
	title = {{DIAC}+: A professional diacritics recovering system},
	journal = {Proceedings of {LREC} 2008},
	author = {Tufiş, Dan and Ceauşu, Alexandru},
	year = {2008},
}

@article{mahar_sindhi_2011,
	title = {Sindhi diacritics restoration by letter level learning approach},
	volume = {40333},
	number = {847071},
	journal = {Politics},
	author = {MAHAR, JA and MEMON, GQ and Shaikh, H.},
	year = {2011},
	pages = {65164},
}

@article{scannell_statistical_2011,
	title = {Statistical unicodification of African languages},
	volume = {45},
	issn = {1574-020X, 1574-0218},
	url = {http://link.springer.com/article/10.1007/s10579-011-9150-3},
	doi = {10.1007/s10579-011-9150-3},
	language = {en},
	number = {3},
	urldate = {2014-12-09},
	journal = {Language Resources and Evaluation},
	author = {Scannell, Kevin P.},
	month = sep,
	year = {2011},
	keywords = {African languages, Computational Linguistics, Computer Science, general, Diacritic restoration, Languages and Literature, Linguistics (general), Machine learning, Under-resourced languages, Unicodification},
	pages = {375--386},
}

@inproceedings{de_pauw_african_2009,
	title = {African language technology: The data-driven perspective},
	isbn = {8888906525},
	booktitle = {Second Colloquium on Lesser Used Languages and Computer Linguistics},
	publisher = {European Academy},
	author = {De Pauw, Guy and De Schryver, Gilles-Maurice},
	year = {2009},
	pages = {79--96},
}

@incollection{yarowsky_comparison_1999,
	series = {Text, Speech and Language Technology},
	title = {A Comparison of Corpus-Based Techniques for Restoring Accents in Spanish and French Text},
	copyright = {©1999 Springer Science+Business Media B.V.},
	isbn = {978-90-481-5349-7, 978-94-017-2390-9},
	url = {http://link.springer.com/chapter/10.1007/978-94-017-2390-9_7},
	language = {en},
	number = {11},
	urldate = {2014-12-09},
	booktitle = {Natural Language Processing Using Very Large Corpora},
	publisher = {Springer Netherlands},
	author = {Yarowsky, D.},
	editor = {Armstrong, Susan and Church, Kenneth and Isabelle, Pierre and Manzi, Sandra and Tzoukermann, Evelyne and Yarowsky, David},
	month = jan,
	year = {1999},
	keywords = {Artificial Intelligence (incl. Robotics), Computational Linguistics, Electrical Engineering},
	pages = {99--120},
}

@article{gal_hmm_????,
	title = {An {HMM} Approach to Vowel Restoration in Arabic and Hebrew},
	author = {Gal, Ya’akov},
}

@inproceedings{yarowsky_decision_1994,
	address = {Stroudsburg, {PA}, {USA}},
	series = {{ACL} '94},
	title = {Decision Lists for Lexical Ambiguity Resolution: Application to Accent Restoration in Spanish and French},
	shorttitle = {Decision Lists for Lexical Ambiguity Resolution},
	url = {http://dx.doi.org/10.3115/981732.981745},
	doi = {10.3115/981732.981745},
	urldate = {2014-12-09},
	booktitle = {Proceedings of the 32Nd Annual Meeting on Association for Computational Linguistics},
	publisher = {Association for Computational Linguistics},
	author = {Yarowsky, David},
	year = {1994},
	pages = {88--95},
}

@article{alghamdi_automatic_2010,
	title = {Automatic restoration of arabic diacritics: a simple, purely statistical approach},
	volume = {35},
	number = {2},
	journal = {Arabian Journal for Science and Engineering},
	author = {Alghamdi, Mansour and Muzaffar, Zeeshan and Alhakami, Hazim},
	year = {2010},
	pages = {125},
}

@inproceedings{shaalan_hybrid_2009,
	address = {Stroudsburg, {PA}, {USA}},
	series = {Semitic '09},
	title = {A Hybrid Approach for Building Arabic Diacritizer},
	url = {http://dl.acm.org/citation.cfm?id=1621774.1621780},
	urldate = {2014-12-09},
	booktitle = {Proceedings of the {EACL} 2009 Workshop on Computational Approaches to Semitic Languages},
	publisher = {Association for Computational Linguistics},
	author = {Shaalan, Khaled and Abo Bakr, Hitham M. and Ziedan, Ibrahim},
	year = {2009},
	pages = {27--35},
}

@inproceedings{haertel_automatic_2010,
	address = {Stroudsburg, {PA}, {USA}},
	series = {{HLT} '10},
	title = {Automatic Diacritization for Low-resource Languages Using a Hybrid Word and Consonant {CMM}},
	isbn = {1-932432-65-5},
	url = {http://dl.acm.org/citation.cfm?id=1857999.1858075},
	urldate = {2014-12-09},
	booktitle = {Human Language Technologies: The 2010 Annual Conference of the North American Chapter of the Association for Computational Linguistics},
	publisher = {Association for Computational Linguistics},
	author = {Haertel, Robbie A. and McClanahan, Peter and Ringger, Eric K.},
	year = {2010},
	pages = {519--527},
}

@article{simard_automatic_1996,
	title = {Automatic restoration of accents in French text},
	journal = {Centre d'innovation en technologies de l'information},
	author = {Simard, Michel},
	year = {1996},
}

@article{zharkov_automatic_1994,
	title = {Automatic Accent-Intonational Transcriber of a Russian Text},
	journal = {Bochum-St. Petersburg},
	author = {Zharkov, I. V. and Slobodanuk, S. L. and Svetozarova, N. D.},
	year = {1994}
}

@incollection{oparin_robust_2005,
	series = {Lecture Notes in Computer Science},
	title = {Robust Rule-Based Method for Automatic Break Assignment in Russian Texts},
	copyright = {©2005 Springer-Verlag Berlin Heidelberg},
	isbn = {978-3-540-28789-6, 978-3-540-31817-0},
	url = {http://link.springer.com/chapter/10.1007/11551874_46},
	language = {en},
	number = {3658},
	urldate = {2014-12-09},
	booktitle = {Text, Speech and Dialogue},
	publisher = {Springer Berlin Heidelberg},
	author = {Oparin, Ilya},
	editor = {Matoušek, Václav and Mautner, Pavel and Pavelka, Tomáš},
	month = jan,
	year = {2005},
	keywords = {Artificial Intelligence (incl. Robotics), Information Storage and Retrieval, Information Systems Applications (incl.Internet), Language Translation and Linguistics},
	pages = {356--363},
}

@inproceedings{krivnova_automatic_1999,
	title = {Automatic synthesis of Russian speech},
	volume = {1},
	booktitle = {Proceedings of the {XIV} International Congress of Phonetic Sciences},
	author = {Krivnova, O. F.},
	year = {1999},
	pages = {507--510},
}

@inproceedings{kuznetsova_acoustic_2006,
	title = {Acoustic parameters of secondary stress in Russian},
	booktitle = {Proceedings of the {XVIII} meeting of the Russian Acoustical Society},
	author = {Kuznetsova, E. V.},
	year = {2006},
	pages = {547--550},
}

@inproceedings{krivnova_main_1999,
	title = {Main Principles and Overall Structure of {TTS} system for Russian Language},
	booktitle = {Proceedings of the Workshop {SPECOM}’99},
	author = {Krivnova, Olga},
	year = {1999},
}

@InProceedings{Crosswhite.ea-03,
  Title                    = {Morphological Effects on Default Stress in Novel Russian Words},
  Author                   = {Crosswhite, Katherine and Alderete, John and Beasley, Tim and Markman, Vita},
  Booktitle                = {WCCFL 22 Proceedings},
  Year                     = {2003},
  Pages                    = {151--164},
  Url                      = {http://roa.rutgers.edu/files/630-1103/630-CROSSWHITE-0-0.PDF}
}

@InProceedings{Vajjala.Meurers-12,
  Title                    = {On Improving the Accuracy of Readability Classification using Insights from Second Language Acquisition},
  Author                   = {Sowmya Vajjala and Meurers, Detmar},
  Booktitle                = {In Proceedings of the 7th Workshop on Innovative Use of NLP for Building Educational Applications},
  Year                     = {2012},
  Pages                    = {163--173},

  Abstract                 = {We investigate the problem of readability assessment using a range of lexical and syntactic features and study their impact on predicting the grade level of texts. As empirical basis, we combined two web-based text sources, Weekly Reader and BBC Bitesize, targeting different age groups, to cover a broad range of school grades. On the conceptual side, we explore the use of lexical and syntactic measures originally designed to measure language development in the production of second language learners. We show that the developmental measures from Second Language Acquisition (SLA) research when combined with traditional readability features such as word length and sentence length provide a good indication of text readability across different grades. The resulting classifiers significantly outperform the previous approaches on readability classification, reaching a classification accuracy of 93.3\%.},
  Keywords                 = {Readability, SLA, Classification, English},
  Myurl                    = {http://purl.org/dm/papers/vajjala-meurers-12.html},
  Timestamp                = {2012.05.17},
  Url                      = {http://aclweb.org/anthology/W12-2019.pdf}
}

@InProceedings{hall_sproat_russian_2013,
author="Hall, Keith and Sproat, Richard",
title="Russian Stress Prediction using Maximum Entropy Ranking",
booktitle="Proceedings of the 2013 Conference on Empirical Methods in Natural Language Processing",
year="2013",
publisher="Association for Computational Linguistics",
pages="879--883",
location="Seattle, Washington, USA",
url="http://aclweb.org/anthology/D13-1088"
}

@InProceedings{krivnova_1998,
	title = {Automatic {R}ussian speech synthesis with unrestricted text (version 2 with female voice) [\rus{Автоматический синтез русской речи по произвольному тексту (вторая версия с женским голосом)}},
	Booktitle = {Papers of the International Seminar Dialog [\rus{Труды международного семинара Диалог}},
	author = {Krivnova, O.F.},
	year = {1998},
	pages = {498--511},
}

@article{lavitskaya_phonological_2014,
	title = {Phonological default in the lexical stress system of Russian: Evidence from noun declension},
	volume = {150},
	issn = {0024-3841},
	shorttitle = {Phonological default in the lexical stress system of Russian},
	url = {http://www.sciencedirect.com/science/article/pii/S0024384114001879},
	doi = {10.1016/j.lingua.2014.08.004},
	urldate = {2014-12-09},
	journal = {Lingua},
	author = {Lavitskaya, Yulia and Kabak, Barış},
	month = oct,
	year = {2014},
	keywords = {Acronyms, Default stress, Indeclinable nouns, Lexical stress, Russian, Trochaic rhythm},
	pages = {363--385},
}

@article{molczanow_lexical_2013,
	title = {The lexical representation of word stress in Russian.},
	volume = {8},
	number = {2},
	journal = {Mental Lexicon},
	author = {Mołczanow, Janina and Domahs, Ulrike and Knaus, Johannes and Wiese, Richard},
	year = {2013},
}

@inproceedings{Xomicevic_2008,
	title = {Automatic determination of the place of stress in unknown words in a speech synthesis system [\rus{{А}втоматическое определение места ударения в незнакомых словах в системе синтеза речи}]},
	booktitle = {Proceedings of the XXXVI International Philological Conference. Saint-Petersburg. [\rus{Материалы {XXXVI} Международной филологической конференции. Санкт-Петербург}]},
	author = {Xomicevič, O.G. and Rybin, S.V. and Talanov, A.O. and Oparin, I.V.},
	year = {2008},
}

@inproceedings{__2006,
	title = {Природа и функции побочного ударения в русском языке},
	booktitle = {Труды международной конференции “Диалог},
	author = {Кузнецова, Е. В.},
	year = {2006},
	pages = {313--316},
}

@article{__2008-1,
	title = {Модуль фонематического транскрибирования для системы распознавания разговорной русской речи},
	author = {Кипяткова, И. С. and Карпов, А. А.},
	year = {2008},
}

@BOOK{Zaliznjak-77,
  title = {\rus{Грамматический словарь русского языка: словоизменение: около 100
	000 слов} [{G}rammatical dictionary of the {R}ussian language: Inflection:
	approx 100 000 words]},
  ruspublisher = {\rus{Изд-во ``Русский язык''}, [``Russkij jazyk'']},
  publisher = {\rus{Изд-во ``Русский язык''}},
  year = 1977,
  cyrauthor = {\rus{Зализняк, Андрей Анатольевич} [Zaliznjak, Andrej Anatoljevič]},
  author = {Zaliznjak, Andrej Anatoljevič},
  timestamp = {2014.10.02}
}

@Article{Church-85,
  Title                    = {Stress assignment in letter to sound rules for speech synthesis},
  Author                   = {Church, Kenneth},
  Journal                  = {Association for Computational Linguistics},
  Year                     = {1985},
  Pages                    = {246--253}
}

@Article{Williams-87,
  Title                    = {Word stress assignment in a text-to-speech synthesis system for British English},
  Author                   = {Williams, Briony},
  Journal                  = {Computer Speech and Language},
  Year                     = {1987},
  Volume                   = {2},
  Pages                    = {235--272}
}

@InProceedings{Pearson.ea-00,
author="Pearson, Steve and Kuhn, Roland and Fincke, Steven and Kibre, Nick",
title="Automatic methods for lexical stress assignment and syllabification",
booktitle="International Conference on Spoken Language Processing",
year="2000",
pages="423--426"
}

@InProceedings{Webster-04,
	title = {Improving Letter-to-Pronunciation Accuracy with Automatic Morphologically-Based Stress Prediction},
	booktitle = {Eighth International Conference on Spoken Language Processing},
	author = {Webster, Gabriel},
	year = {2004},
    pages="2573--2576"
}

@InProceedings{Dou.ea-09,
	title = {A ranking approach to stress prediction for letter-to-phoneme conversion},
	booktitle = {Proceedings of the Joint Conference of the 47th annual meeting of the ACL and the 4th International Joint Conference on Natural Language Processing of the AFNLP},
	publisher="Association for Computational Linguistics",
	location = {Suntec, Singapore},
	author = {Dou, Qing and Bergsma, Shane and Jiampojamarn, Sittichai and Kondrak, Grzegorz},
	year = {2009},
    pages="118--126"
}

@book{Beesley.Karttunen-03,
	title = {Finite-state morphology: Xerox tools and techniques},
	author = {Beesley, Kenneth R and Karttunen, Lauri},
	publisher = {CLSI, Stanford},
	year = {2003}
}

@incollection{hfst-11,
title = {HFST—Framework for Compiling and Applying Morphologies},
author = {Krister Linden and Miikka Silfverberg and Erik Axelson and Sam Hardwick and Tommi Pirinen},
year = {2011},
editor = {Cerstin Mahlow and Michael Pietrowski},
volume = {Vol. 100},
isbn = {978-3-642-23137-7},
series = {Communications in Computer and Information Science},
pages = {67-85},
booktitle = {Systems and Frameworks for Computational Morphology},
publisher={Springer}
}

@inproceedings{Koskenniemi-84,
 author = {Koskenniemi, Kimmo},
 title = {A General Computational Model for Word-form Recognition and Production},
 booktitle = {Proceedings of the 10th International Conference on Computational Linguistics},
 series = {COLING '84},
 year = {1984},
 location = {Stanford, California},
 pages = {178--181},
 numpages = {4},
 url = {http://dx.doi.org/10.3115/980431.980529},
 doi = {10.3115/980431.980529},
 acmid = {980529},
 publisher = {Association for Computational Linguistics},
 address = {Stroudsburg, PA, USA},
}

@phdthesis{Nozhov-03,
  title={\rus{Морфологическая и синтаксическая обработка текста (модели и программы)} [Morphological and Syntactic Text Processing (models and programs)] also published as \rus{Реализация автоматической синтаксической сегментации русского предложения} [Realization of automatic syntactic segmentation of the {R}ussian sentence]},
  author={Nozhov, Igor},
  year={2003},
  school={{R}ussian {S}tate {U}niversity for the {H}umanities},
  address = {Moscow},
  url = {http://www.aot.ru/docs/Nozhov/msot.pdf}
}

@inproceedings{Segalovich-03,
  title={A Fast Morphological Algorithm with Unknown Word Guessing Induced by a Dictionary for a Web Search Engine.},
  author={Segalovich, Ilya},
  booktitle={International Conference on Machine Learning; Models, Technologies and Applications},
  pages={273--280},
  year={2003}
}

@Book{Karlsson.Voutilainen.ea-95,
  Title                    = {Constraint Grammar: A Language-Independent System for Parsing Unrestricted Text},
  Editor                   = {Karlsson, Fred and Atro Voutilainen and Juha Heikkil\"{a} and Arto Anttila},
  Publisher                = {Mouton de Gruyter},
  Year                     = {1995},

  Address                  = {Berlin and New York},
  Number                   = {4},
  Series                   = {Natural Language Processing}
}

@InProceedings{Karlsson-90,
  Title                    = {Constraint Grammar as a Framework for Parsing Running Text},
  Author                   = {Fred Karlsson},
  Booktitle                = {{Proceedings of the 13th Conference on Computational Linguistics (COLING), Volume 3}},
  Year                     = {1990},

  Address                  = {Helsinki, Finland},
  Pages                    = {168--173},
  Publisher                = {Association for Computational Linguistics},

  File                     = {:Karlsson-90.pdf:PDF},
  Owner                    = {rziai},
  Timestamp                = {2009.03.26},
  Url                      = {http://aclweb.org/anthology/C90-3030}
}

@article{Lavitskaya.Kabak-14,
	title = {Phonological default in the lexical stress system of Russian: Evidence from noun declension},
	volume = {150},
	issn = {0024-3841},
	shorttitle = {Phonological default in the lexical stress system of Russian},
	url = {http://www.sciencedirect.com/science/article/pii/S0024384114001879},
	doi = {10.1016/j.lingua.2014.08.004},
	urldate = {2014-12-09},
	journal = {Lingua},
	author = {Lavitskaya, Yulia and Kabak, Barış},
	month = oct,
	year = {2014},
	keywords = {Acronyms, Default stress, Indeclinable nouns, Lexical stress, Russian, Trochaic rhythm},
	pages = {363--385}
}

@inproceedings{trosterud2009,
	title = {A constraint grammar for {Faroese}},
	author = {Trond Trosterud},
	booktitle = {Proceedings of the NODALIDA 2009 Workshop: Constraint Grammar and Robust Parsing},
	pages = {1--8},
	year = 2009
}

@inproceedings{yablonsky1999russian,
  title={Russian morphological analysis},
  author={Yablonsky, Serge A},
  booktitle={Proc. of VEXTAL: Venecia per il Tratamento Automatico delle Lingue. Venice, Italy},
  pages={83--90},
  year={1999}
}
	
@InProceedings{sharoff08lrec-mocky,
  author = 	 {Serge Sharoff and Mikhail Kopotev and Toma\v{z} Erjavec and Anna Feldman and Dagmar Divjak},
  title = 	 {Designing and Evaluating a {Russian} Tagset},
  booktitle =	 {Proceedings of the Sixth Language Resources and Evaluation Conference, {LREC} 2008},
  year =	 2008,
  address =	 {Marrakech},
  pdf = {}
}



@incollection{voutilainen99,
  author      = {Atro Voutilainen},
  title       = {Hand Crafted Rules},
  editor      = {H. {van Halteren}}, 
  booktitle   = {Syntactic Wordclass Tagging},
  publisher   = {Kluwer Academic},
  pages       = {217--246},
  year        = 2004
}

@inproceedings{peradin12,
  author      = {Hrvoje Peradin and Jan Šnajder},
  title       = {Towards a Constraint Grammar Based Morphological Tagger for Croatian},
  booktitle   = {Proceedings of the 15th International Conference, TSD 2012},
  pages       = {174--182},
  year        = 2012
}

@inproceedings{hulden12,
  author = {Mans Hulden and Jerid Francom}, 
  title = {Boosting Statistical Tagger Accuracy with Simple Rule-Based Grammars},
  booktitle = {Proceedings of the Eighth International Conference on Language Resources and Evaluation},
  year = 2012
}

@inproceedings{halacsy07,
  author = {Péter Halácsy and András Kornai and Csaba Oravecz},
  title = {HunPos: An open-source trigram tagger},
  booktitle = {Proceedings of the 45th annual meeting of the ACL},
  pages = {209--212},
  year = 2007
}

@inproceedings{antonsen10,
  author = {Lene Antonsen and Linda Wiechetek and Trond Trosterud},
  title = {Reusing Grammatical Resources for New Languages},
  booktitle = {Proceedings of the International conference on Language Resources and Evaluation LREC2010},
  pages = {2782--2789},
  year = 2010
}
