
@incollection{pauw_automatic_2007,
	series = {Lecture Notes in Computer Science},
	title = {Automatic Diacritic Restoration for Resource-Scarce Languages},
	copyright = {©2007 Springer-Verlag Berlin Heidelberg},
	isbn = {978-3-540-74627-0, 978-3-540-74628-7},
	url = {http://link.springer.com/chapter/10.1007/978-3-540-74628-7_24},
	language = {en},
	number = {4629},
	urldate = {2014-12-09},
	booktitle = {Text, Speech and Dialogue},
	publisher = {Springer Berlin Heidelberg},
	author = {Pauw, Guy De and Wagacha, Peter W. and Schryver, Gilles-Maurice de},
	editor = {Matoušek, Václav and Mautner, Pavel},
	month = jan,
	year = {2007},
	keywords = {Artificial Intelligence (incl. Robotics), Data Mining and Knowledge Discovery, Information Storage and Retrieval, Information Systems Applications (incl.Internet), Language Translation and Linguistics},
	pages = {170--179},
}

@inproceedings{zitouni_maximum_2006,
	address = {Stroudsburg, {PA}, {USA}},
	series = {{ACL}-44},
	title = {Maximum Entropy Based Restoration of Arabic Diacritics},
	url = {http://dx.doi.org/10.3115/1220175.1220248},
	doi = {10.3115/1220175.1220248},
	urldate = {2014-12-09},
	booktitle = {Proceedings of the 21st International Conference on Computational Linguistics and the 44th Annual Meeting of the Association for Computational Linguistics},
	publisher = {Association for Computational Linguistics},
	author = {Zitouni, Imed and Sorensen, Jeffrey S. and Sarikaya, Ruhi},
	year = {2006},
	pages = {577--584},
}

@article{ungurean_automatic_????,
	title = {Automatic diacritic restoration for a {TTS}-based e-mail reader application},
	author = {Ungurean, Cătălin and Burileanu, Dragoş and Popescu, Vladimir and Negrescu, Cristian},
}

@article{zitouni_arabic_2009,
	title = {Arabic diacritic restoration approach based on maximum entropy models},
	volume = {23},
	issn = {0885-2308},
	url = {http://www.sciencedirect.com/science/article/pii/S0885230808000351},
	doi = {10.1016/j.csl.2008.06.001},
	number = {3},
	urldate = {2014-12-09},
	journal = {Computer Speech \& Language},
	author = {Zitouni, Imed and Sarikaya, Ruhi},
	month = jul,
	year = {2009},
	keywords = {Arabic diacritic restoration, Finite state transducer, Maximum entropy, Vowelization},
	pages = {257--276},
}

@incollection{nguyen_diacritics_2010,
	series = {Lecture Notes in Computer Science},
	title = {Diacritics Restoration in Vietnamese: Letter Based vs. Syllable Based Model},
	copyright = {©2010 Springer-Verlag Berlin Heidelberg},
	isbn = {978-3-642-15245-0, 978-3-642-15246-7},
	shorttitle = {Diacritics Restoration in Vietnamese},
	url = {http://link.springer.com/chapter/10.1007/978-3-642-15246-7_61},
	language = {en},
	number = {6230},
	urldate = {2014-12-09},
	booktitle = {{PRICAI} 2010: Trends in Artificial Intelligence},
	publisher = {Springer Berlin Heidelberg},
	author = {Nguyen, Kiem-Hieu and Ock, Cheol-Young},
	editor = {Zhang, Byoung-Tak and Orgun, Mehmet A.},
	month = jan,
	year = {2010},
	keywords = {Artificial Intelligence (incl. Robotics), Computation by Abstract Devices, Database Management, Data Mining and Knowledge Discovery, Information Storage and Retrieval, Information Systems Applications (incl.Internet)},
	pages = {631--636},
}

@inproceedings{maamouri_diacritization:_????,
	title = {Diacritization: A challenge to arabic treebank annotation and parsing},
	author = {Maamouri, Mohamed and Bies, Ann and Kulick, Seth},
}

@inproceedings{cocks_word-based_2011,
	title = {A word-based approach for diacritic restoration in Māori},
	booktitle = {Australasian Language Technology Association Workshop 2011},
	author = {Cocks, John and Keegan, Te Taka},
	year = {2011},
	pages = {126},
}

@inproceedings{wagacha_grapheme-based_2013,
	title = {A Grapheme-Based Approach for Accent Restoration in Gıkuyu},
	author = {Wagacha, Peter W. and De Pauw, Guy and Githinji, Pauline W.},
	year = {2013},
}

@inproceedings{aabed_arabic_2007,
	title = {Arabic diacritics based steganography},
	isbn = {1424412358},
	booktitle = {Signal Processing and Communications, 2007. {ICSPC} 2007. {IEEE} International Conference on},
	publisher = {{IEEE}},
	author = {Aabed, Mohammed A. and Awaideh, Sameh M. and Elshafei, A.-RM and Gutub, Adnan A.},
	year = {2007},
	pages = {756--759},
}

@incollection{mihalcea_diacritics_2002,
	series = {Lecture Notes in Computer Science},
	title = {Diacritics Restoration: Learning from Letters versus Learning from Words},
	copyright = {©2002 Springer-Verlag Berlin Heidelberg},
	isbn = {978-3-540-43219-7, 978-3-540-45715-2},
	shorttitle = {Diacritics Restoration},
	url = {http://link.springer.com/chapter/10.1007/3-540-45715-1_35},
	language = {en},
	number = {2276},
	urldate = {2014-12-09},
	booktitle = {Computational Linguistics and Intelligent Text Processing},
	publisher = {Springer Berlin Heidelberg},
	author = {Mihalcea, Rada F.},
	editor = {Gelbukh, Alexander},
	month = jan,
	year = {2002},
	keywords = {Artificial Intelligence (incl. Robotics), Information Storage and Retrieval, Language Translation and Linguistics, Mathematical Logic and Formal Languages},
	pages = {339--348},
}

@inproceedings{mihalcea_letter_2002,
	title = {Letter level learning for language independent diacritics restoration},
	booktitle = {proceedings of the 6th conference on Natural language learning-Volume 20},
	publisher = {Association for Computational Linguistics},
	author = {Mihalcea, Rada and Nastase, Vivi},
	year = {2002},
	pages = {1--7},
}

@article{tufis_diac+:_2008,
	title = {{DIAC}+: A professional diacritics recovering system},
	journal = {Proceedings of {LREC} 2008},
	author = {Tufiş, Dan and Ceauşu, Alexandru},
	year = {2008},
}

@article{mahar_sindhi_2011,
	title = {Sindhi diacritics restoration by letter level learning approach},
	volume = {40333},
	number = {847071},
	journal = {Politics},
	author = {MAHAR, JA and MEMON, GQ and Shaikh, H.},
	year = {2011},
	pages = {65164},
}

@article{scannell_statistical_2011,
	title = {Statistical unicodification of African languages},
	volume = {45},
	issn = {1574-020X, 1574-0218},
	url = {http://link.springer.com/article/10.1007/s10579-011-9150-3},
	doi = {10.1007/s10579-011-9150-3},
	language = {en},
	number = {3},
	urldate = {2014-12-09},
	journal = {Language Resources and Evaluation},
	author = {Scannell, Kevin P.},
	month = sep,
	year = {2011},
	keywords = {African languages, Computational Linguistics, Computer Science, general, Diacritic restoration, Languages and Literature, Linguistics (general), Machine learning, Under-resourced languages, Unicodification},
	pages = {375--386},
}

@inproceedings{de_pauw_african_2009,
	title = {African language technology: The data-driven perspective},
	isbn = {8888906525},
	booktitle = {Second Colloquium on Lesser Used Languages and Computer Linguistics},
	publisher = {European Academy},
	author = {De Pauw, Guy and De Schryver, Gilles-Maurice},
	year = {2009},
	pages = {79--96},
}

@incollection{yarowsky_comparison_1999,
	series = {Text, Speech and Language Technology},
	title = {A Comparison of Corpus-Based Techniques for Restoring Accents in Spanish and French Text},
	copyright = {©1999 Springer Science+Business Media B.V.},
	isbn = {978-90-481-5349-7, 978-94-017-2390-9},
	url = {http://link.springer.com/chapter/10.1007/978-94-017-2390-9_7},
	language = {en},
	number = {11},
	urldate = {2014-12-09},
	booktitle = {Natural Language Processing Using Very Large Corpora},
	publisher = {Springer Netherlands},
	author = {Yarowsky, D.},
	editor = {Armstrong, Susan and Church, Kenneth and Isabelle, Pierre and Manzi, Sandra and Tzoukermann, Evelyne and Yarowsky, David},
	month = jan,
	year = {1999},
	keywords = {Artificial Intelligence (incl. Robotics), Computational Linguistics, Electrical Engineering},
	pages = {99--120},
}

@article{gal_hmm_????,
	title = {An {HMM} Approach to Vowel Restoration in Arabic and Hebrew},
	author = {Gal, Ya’akov},
}

@inproceedings{yarowsky_decision_1994,
	address = {Stroudsburg, {PA}, {USA}},
	series = {{ACL} '94},
	title = {Decision Lists for Lexical Ambiguity Resolution: Application to Accent Restoration in Spanish and French},
	shorttitle = {Decision Lists for Lexical Ambiguity Resolution},
	url = {http://dx.doi.org/10.3115/981732.981745},
	doi = {10.3115/981732.981745},
	urldate = {2014-12-09},
	booktitle = {Proceedings of the 32Nd Annual Meeting on Association for Computational Linguistics},
	publisher = {Association for Computational Linguistics},
	author = {Yarowsky, David},
	year = {1994},
	pages = {88--95},
}

@article{alghamdi_automatic_2010,
	title = {Automatic restoration of arabic diacritics: a simple, purely statistical approach},
	volume = {35},
	number = {2},
	journal = {Arabian Journal for Science and Engineering},
	author = {Alghamdi, Mansour and Muzaffar, Zeeshan and Alhakami, Hazim},
	year = {2010},
	pages = {125},
}

@inproceedings{shaalan_hybrid_2009,
	address = {Stroudsburg, {PA}, {USA}},
	series = {Semitic '09},
	title = {A Hybrid Approach for Building Arabic Diacritizer},
	url = {http://dl.acm.org/citation.cfm?id=1621774.1621780},
	urldate = {2014-12-09},
	booktitle = {Proceedings of the {EACL} 2009 Workshop on Computational Approaches to Semitic Languages},
	publisher = {Association for Computational Linguistics},
	author = {Shaalan, Khaled and Abo Bakr, Hitham M. and Ziedan, Ibrahim},
	year = {2009},
	pages = {27--35},
}

@inproceedings{haertel_automatic_2010,
	address = {Stroudsburg, {PA}, {USA}},
	series = {{HLT} '10},
	title = {Automatic Diacritization for Low-resource Languages Using a Hybrid Word and Consonant {CMM}},
	isbn = {1-932432-65-5},
	url = {http://dl.acm.org/citation.cfm?id=1857999.1858075},
	urldate = {2014-12-09},
	booktitle = {Human Language Technologies: The 2010 Annual Conference of the North American Chapter of the Association for Computational Linguistics},
	publisher = {Association for Computational Linguistics},
	author = {Haertel, Robbie A. and McClanahan, Peter and Ringger, Eric K.},
	year = {2010},
	pages = {519--527},
}

@article{simard_automatic_1996,
	title = {Automatic restoration of accents in French text},
	journal = {Centre d'innovation en technologies de l'information},
	author = {Simard, Michel},
	year = {1996},
}

@article{zharkov_automatic_1994,
	title = {Automatic Accent-Intonational Transcriber of a Russian Text},
	journal = {Bochum-St. Petersburg},
	author = {Zharkov, I. V. and Slobodanuk, S. L. and Svetozarova, N. D.},
	year = {1994}
}

@incollection{oparin_robust_2005,
	series = {Lecture Notes in Computer Science},
	title = {Robust Rule-Based Method for Automatic Break Assignment in Russian Texts},
	copyright = {©2005 Springer-Verlag Berlin Heidelberg},
	isbn = {978-3-540-28789-6, 978-3-540-31817-0},
	url = {http://link.springer.com/chapter/10.1007/11551874_46},
	language = {en},
	number = {3658},
	urldate = {2014-12-09},
	booktitle = {Text, Speech and Dialogue},
	publisher = {Springer Berlin Heidelberg},
	author = {Oparin, Ilya},
	editor = {Matoušek, Václav and Mautner, Pavel and Pavelka, Tomáš},
	month = jan,
	year = {2005},
	keywords = {Artificial Intelligence (incl. Robotics), Information Storage and Retrieval, Information Systems Applications (incl.Internet), Language Translation and Linguistics},
	pages = {356--363},
}

@inproceedings{krivnova_automatic_1999,
	title = {Automatic synthesis of Russian speech},
	volume = {1},
	booktitle = {Proceedings of the {XIV} International Congress of Phonetic Sciences},
	author = {Krivnova, O. F.},
	year = {1999},
	pages = {507--510},
}

@inproceedings{kuznetsova_acoustic_2006,
	title = {Acoustic parameters of secondary stress in Russian},
	booktitle = {Proceedings of the {XVIII} meeting of the Russian Acoustical Society},
	author = {Kuznetsova, E. V.},
	year = {2006},
	pages = {547--550},
}

@inproceedings{krivnova_main_1999,
	title = {Main Principles and Overall Structure of {TTS} system for Russian Language},
	booktitle = {Proceedings of the Workshop {SPECOM}’99},
	author = {Krivnova, Olga},
	year = {1999},
}

@article{sproat_russian_2013,
	title = {Russian Stress Prediction using Maximum Entropy Ranking},
	author = {Sproat, Keith Hall Richard},
	year = {2013},
}

@inproceedings{webster_improving_2004,
	title = {Improving Letter-to-Pronunciation Accuracy with Automatic Morphologically-Based Stress Prediction},
	booktitle = {Eighth International Conference on Spoken Language Processing},
	author = {Webster, Gabriel},
	year = {2004},
}

@article{__1998,
	title = {Автоматический синтез русской речи по произвольному тексту (вторая версия с женским голосом)},
	volume = {98},
	journal = {Труды международного семинара Диалог},
	author = {Кривнова, О. Ф.},
	year = {1998},
	pages = {498--511},
}

@article{lavitskaya_phonological_2014,
	title = {Phonological default in the lexical stress system of Russian: Evidence from noun declension},
	volume = {150},
	issn = {0024-3841},
	shorttitle = {Phonological default in the lexical stress system of Russian},
	url = {http://www.sciencedirect.com/science/article/pii/S0024384114001879},
	doi = {10.1016/j.lingua.2014.08.004},
	urldate = {2014-12-09},
	journal = {Lingua},
	author = {Lavitskaya, Yulia and Kabak, Barış},
	month = oct,
	year = {2014},
	keywords = {Acronyms, Default stress, Indeclinable nouns, Lexical stress, Russian, Trochaic rhythm},
	pages = {363--385},
}

@article{molczanow_lexical_2013,
	title = {The lexical representation of word stress in Russian.},
	volume = {8},
	number = {2},
	journal = {Mental Lexicon},
	author = {Mołczanow, Janina and Domahs, Ulrike and Knaus, Johannes and Wiese, Richard},
	year = {2013},
}

@inproceedings{Xomicevic_2008,
	title = {\rus{Автоматическое определение места ударения в незнакомых словах в системе синтеза речи}},
	booktitle = {\rus{Материалы {XXXVI} Международной филологической конференции. Санкт-Петербург}},
	author = {\rus{Хомицевич, О. Г. and Рыбин, С. В. and Таланов, А. О. and Опарин, И. В.}},
	year = {2008},
}

@inproceedings{__2006,
	title = {Природа и функции побочного ударения в русском языке},
	booktitle = {Труды международной конференции “Диалог},
	author = {Кузнецова, Е. В.},
	year = {2006},
	pages = {313--316},
}

@article{__2008-1,
	title = {Модуль фонематического транскрибирования для системы распознавания разговорной русской речи},
	author = {Кипяткова, И. С. and Карпов, А. А.},
	year = {2008},
}