
@article{salimzyanov2013,
  author = {Ilnar Salimzyanov and Jonathan North Washington and Francis M. Tyers},
  title = {{A free/open-source Kazakh-Tatar machine translation system}},
  booktitle = {Proceedings of MT Summit XIV},
  year = 2013
}

@article{washington2012,
  author = {Jonathan North Washington and Mirlan Ipasov and Francis M. Tyers},
  title = {{A finite-state morphological analyser for Kyrgyz}},
  booktitle = {Proceedings of the 8th Conference on Language Resources and Evaluation, LREC2012},
  year = 2012
}

@book{bammatov1960,
  author = "З. З. Бамматов", 
  title = {Русско-кумыкский словарь},
  publisher = {Москва: Государственное издательсвто иностранных и национальных словарей},
  year = 1960
}

@article{bekmanova2013,
  author = {Г. Т. Бекманова and А. Махимов},
  title = {Графематический и моргологический анализатор Казахского языка},
  booktitle = {Proceedings of the 1st International Conference on Computer Processing of Turkic languages (TurkLang2013)},
  pages = {192--200},
  year = 2013
}

@incollection{histofturkic,
	AUTHOR = "Lars Johanson",
	TITLE = "History of {T}urkic",
	BOOKTITLE = "The Turkic Languages",
	EDITOR = "Lars Johanson and Éva Á. Csató",
	PUBLISHER = "New York: Routledge",
	PAGES = "81-125",
	YEAR = "2006",
	CHAPTER = "5",
}

@book{olmesov2000,
  author = {Нураммат Хайруллаевич Ольмесов},
  title = {Сопоставительная грамматика кумыкского и русского языков},
  publisher = {Махачкала: ИПЦ ДГУ},
  year = 2000
}

@InProceedings{tyerswashingtonsalimzyanbattalov12,
  author = "Tyers, Francis and Jonathan North Washington and Ilnar Salimzyan an
d Rustam Batalov",
  title = {A prototype machine translation system for {T}atar and {B}ashkir bas
ed on free/open-source components},
  booktitle = {Proceedings of the First Workshop on Language Resources and Tech
nologies for Turkic Languages at the Eight International Conference on Language
 Resources and Evaluation (LREC'12)},
  year = {2012},
  month = {{M}ay 21},
  date = {21},
  address = {Istanbul, Turkey},
  editorLREC = {Nicoletta Calzolari (Conference Chair) and Khalid Choukri and T
hierry Declerck and Mehmet Uğur Doğan and Bente Maegaard and Joseph Mariani and
 Jan Odijk and Stelios Piperidis},
  publisherLREC = {European Language Resources Association (ELRA)},
  isbnLREC = {978-2-9517408-7-7},
  language = {english},
}
