@inproceedings{agata2002typographical,
    author = {Savary, Agata},
    title = {Typographical Nearest-Neighbor Search in a Finite-State Lexicon and Its Application to Spelling Correction},
    booktitle = {CIAA '01: Revised Papers from the 6th International Conference on Implementation and Application of Automata},
    year = {2002},
    isbn = {3-540-00400-9},
    pages = {251--260},
    publisher = {Springer-Verlag},
    address = {London, UK},
}

@article{aho1975efficient,
  title={Efficient string matching: an aid to bibliographic search},
  author={Aho, A.V. and Corasick, M.J.},
  journal={Communications of the ACM},
  volume={18},
  number={6},
  pages={333--340},
  year={1975},
  publisher={ACM}
}

@book{aho2007compilers,
  title={Compilers: principles, techniques, and tools},
  author={Aho, A.V. and Lam, M.S. and Sethi, R. and Ullman, J.D.},
  pages={1009},
  year={2007},
  edition={second},
  isbn={0321486811},
  publisher={Pearson/Addison Wesley}
}

@article{al2006learning,
  title={Learning to Find Context Based Spelling Errors},
  author={Al-Mubaid, H. and Truemper, K.},
  journal={Data Mining and Knowledge Discovery Approaches Based on Rule Induction Techniques},
  pages={597--627},
  year={2006},
  publisher={Springer}
}

@Article{apertium,
    Author = {Mikel L. Forcada and Mireia Ginestí  Rosell  and Jacob Nordfalk and Jim O'Regan and Sergio Ortíz-Rojas and Juan Antonio Pérez-Ortiz and Gema Ramírez-Sánchez and Felipe Sánchez-Martínez  and Francis M. Tyers},
    Journal = {Machine Translation},
    Note = {\textit{to appear}},
    Title = {Apertium: a free/open-source platform for rule-based machine translation platform},
    Year = {2010},
}

@inproceedings{baba2012spelling,
  author    = {Baba, Yukino  and  Suzuki, Hisami},
  title     = {How Are Spelling Errors Generated and Corrected? A Study of Corrected and Uncorrected Spelling Errors Using Keystroke Logs},
  booktitle = {Proceedings of the 50th Annual Meeting of the Association for Computational Linguistics (Volume 2: Short Papers)},
  month     = {July},
  year      = {2012},
  address   = {Jeju Island, Korea},
  publisher = {Association for Computational Linguistics},
  pages     = {373--377},
  url       = {http://www.aclweb.org/anthology/P12-2073}
}

@book{beesley2003finite,
    title = {Finite State Morphology},
    year = {2003},
    author = {Kenneth R Beesley and Lauri Karttunen},
    pages = {503},
    publisher = {CSLI publications},
    isbn = {978-1575864341},
}

@article{attia2013improved,
author    = {Attia, Mohammed  and  Pecina, Pavel  and  Samih, Younes  and  Shaalan, Khaled  and  van Genabith, Josef},
  title     = {Improved Spelling Error Detection and Correction for {A}rabic},
  booktitle = {Proceedings of COLING 2012: Posters},
  month     = {December},
  year      = {2012},
  address   = {Mumbai, India},
  publisher = {The COLING 2012 Organizing Committee},
  pages     = {103--112},
  url       = {http://www.aclweb.org/anthology/C12-2011}
}

@inproceedings{beesley1998constraining,
    author = {Beesley, Kenneth R.},
    title = {Constraining separated morphotactic dependencies in finite-state grammars},
    year = {1998},
    isbn = {975-7679-34-8},
    pages = {118--127},
    location = {Ankara, Turkey},
    publisher = {Association for Computational Linguistics},
    address = {Morristown, NJ, USA},
}

@inproceedings{beesley2004morphological,
  title={Morphological analysis and generation: A first step in natural language processing},
  author={Beesley, K.R.},
  booktitle={First Steps in Language Documentation for Minority Languages: Computational Linguistic Tools for Morphology, Lexicon and Corpus Compilation, Proceedings of the SALTMIL Workshop at LREC},
  pages={1--8},
  year={2004}
}

@inproceedings{beesley2012kleene,
    title = {Kleene, A Free and Open-Source Language for Finite-State Programming},
    author = {Kenneth R. Beesley},
    year = {2012},
    booktitle = {FSMNLP 2012},
    crossref = {fsmnlp2012},
    pages = {55-59}
}

@mastersthesis{bhagat2007spelling,
    author = {Meenu Bhagat},
    title = {Spelling Error Pattern Analysis of {P}unjabi Typed Text},
    school = {Thapar University},
    location = {Patiala, India},
    year = {2007},
    pages = {48},
    url = {http://hdl.handle.net/123456789/247}
}

@phdthesis{bigert2005automatic,
    author = {Johnny Bigert},
    year = {2005},
    title = {Automatic and unsupervised methods in natural language processing},
    school = {Royal institute of technology {(KTH)}},
    pages = {120}
}

@Inproceedings{bigert2003autoeval,
    Address = {Reykjavik, Iceland},
    Author = {Johnny Bigert and Linus Ericson and Antoine Solis},
    Booktitle = {Nodalida 2003},
    Crossref = {conf/nodalida/2003},
    Title = {Auto{E}val and {M}issplel: Two Generic Tools for Automatic Evaluation},
    Year = {2003},
    pages = {7}
}
@inproceedings{brants2007large,
author    = {Brants, Thorsten  and  Popat, Ashok C.  and  Xu, Peng  and  Och, Franz J.  and  Dean, Jeffrey},
  title     = {Large Language Models in Machine Translation},
  booktitle = {Proceedings of the 2007 Joint Conference on Empirical Methods in Natural Language Processing and Computational Natural Language Learning (EMNLP-CoNLL)},
  month     = {June},
  year      = {2007},
  address   = {Prague, Czech Republic},
  publisher = {Association for Computational Linguistics},
  pages     = {858--867},
  url       = {http://www.aclweb.org/anthology/D/D07/D07-1090}
}

@inproceedings{brill2000improved,
    author = {Brill, Eric and Moore, Robert C.},
    title = {An improved error model for noisy channel spelling correction},
    booktitle = {{ACL} '00: Proceedings of the 38th Annual Meeting on Association for Computational Linguistics},
    year = {2000},
    pages = {286--293},
    location = {Hong Kong},
    doi = {http://dx.doi.org/10.3115/1075218.1075255},
    publisher = {Association for Computational Linguistics},
    address = {Morristown, NJ, USA},
}

@inproceedings{carlson2001scaling,
  title={Scaling up context-sensitive text correction},
  author={Carlson, A.J. and Rosen, J. and Roth, D.},
  booktitle={Proceedings of the Thirteenth Conference on Innovative Applications of Artificial Intelligence Conference},
  pages={45--50},
  year={2001},
  organization={AAAI Press}
}
@inproceedings{chaudhuri2002towards,
  title={Towards {I}ndian language spell-checker design},
  author={Chaudhuri, B.B.},
  booktitle={Language Engineering Conference, 2002. Proceedings},
  pages={139--146},
  year={2002},
  organization={IEEE}
}

@article{chege2010developing,
  title={Developing an Open source Spell-checker for {G}ĩkũyũ},
  author={Chege, Kamau and Wagacha, Peter and De Pauw, Guy and Muchemi, Lawrence and Ng’ang’a, W},
  journal={AfLaT 2010},
  pages={31--35},
  year={2010}
}

@article{chen1999empirical,
  title={An empirical study of smoothing techniques for language modeling},
  author={Chen, S.F. and Goodman, J.},
  journal={Computer Speech \& Language},
  volume={13},
  number={4},
  pages={359--393},
  year={1999},
  publisher={Elsevier}
}

@article{church1991probability,
  title={Probability scoring for spelling correction},
  author={Church, K.W. and Gale, W.A.},
  journal={Statistics and Computing},
  volume={1},
  number={2},
  pages={93--103},
  year={1991},
  publisher={Springer}
}

@inproceedings{church2007compressing,
  title={Compressing trigram language models with {G}olomb coding},
  author={Church, K. and Hart, T. and Gao, J.},
  booktitle={Proceedings of the 2007 Joint Conference on Empirical Methods in Natural Language Processing and Computational Natural Language Learning {(EMNLP-CoNLL)}},
  pages={199--207},
  year={2007}
}

@inproceedings{creutz2005morfessor,
    author = {Mathias Creutz and Krista Lagus and Krister Lindén and Sami Virpioja},
    year = {2005},
    pages = {6},
    title = {Morfessor and {H}utmegs: Unsupervised Morpheme Segmentation for Highly-Inflecting and Compounding Languages},
    crossref = {conf/baltichlt2},
}

@ARTICLE{damerau1964technique,
 author = {Damerau, Fred J.},
 title = {A technique for computer detection and correction of spelling errors},
 journal = {Commun. ACM},
 issue_date = {March 1964},
 volume = {7},
 number = {3},
 month = mar,
 year = {1964},
 issn = {0001-0782},
 pages = {171--176},
 numpages = {6},
 url = {http://doi.acm.org/10.1145/363958.363994},
 doi = {10.1145/363958.363994},
 acmid = {363994},
 publisher = {ACM},
 address = {New York, NY, USA},
} 

@article{deorowicz2005correcting,
  title={Correcting spelling errors by modelling their causes},
  author={Deorowicz, S. and Ciura, M.G.},
  journal={International journal of applied mathematics and computer science},
  volume={15},
  number={2},
  pages = {275--285},
  year={2005},
  publisher={UNIVERSITY OF ZIELONA GORA PRESS}
}

@misc{earnest2011first,
    title={The First Three Spelling Checkers},
    author={Les Earnest},
    year={2011},
    howpublished={personal WWW page},
    url={http://www.stanford.edu/~learnest/spelling.pdf},
    note={Retrieved 6th of June 2012: \url{http://www.stanford.edu/~learnest/spelling.pdf}; Replaced by next versions on same site}
}

@misc{earnest2012first,
    title={The first cursive handwriting recognizer needed a spelling checker 
        and so did the rest of the world},
    author={Les Earnest},
    year={2012},
    howpublished={personal WWW page},
    url={http://www.stanford.edu/~learnest/spelling.htm},
    note={Retrieved 19th of December 2012: \url{http://www.stanford.edu/~learnest/spelling.html}; Replaced by extended version on same site}
}

@misc{earnest2013legacies,
    title={Visible Legacies for {Y3K}},
    author={Les Earnest},
    year={2013},
    howpublished={personal WWW page},
    url={http://www.stanford.edu/~learnest/legacies.pdf},
    note={Retrieved 1st of June 2013: \url{http://www.stanford.edu/~learnest/legacies.pdf}; Third revision of the document contains
    a larger set of subjects and links to original documentation}
}

@inproceedings{federico2008irstlm,
  title={{IRSTLM}: an open source toolkit for handling large scale language models.},
  author={Federico, Marcello and Bertoldi, Nicola and Cettolo, Mauro},
  booktitle={Interspeech},
  pages={1618--1621},
  year={2008}
}

@article{forcada2001corpus,
  title={Corpus-based stochastic finite-state predictive text entry for reduced keyboards: application to {C}atalan},
  author={Forcada, Mikel L.},
  journal={Procesamiento del lenguaje natural},
  volume={27},
  pages={65--70},
  year={2001}
}

@misc{gorin1971spell,
  title={{SPELL}: A spelling checking and correction program},
  author={Gorin, R E},
  journal={Online documentation for the DEC-10 computer},
  year={1971},
  howpublished={On-line manual; web page},
  note={Retrieved 1st of August 2013: \url{http://www.saildart.org/}, entries
      UP, DOC: SPELL.REG}
}

@inproceedings{golding1995bayesian,
  title={A {B}ayesian hybrid method for context-sensitive spelling correction},
  author={Golding, A.R.},
  booktitle={Proceedings of the third workshop on Very Large Corpora},
  volume={3},
  pages={39--53},
  year={1995},
  organization={Massachusetts Institute of Technology Cambridge MA}
}

@inproceedings{golding1996combining,
    author = {Golding, Andrew R. and Schabes, Yves},
    title = {Combining Trigram-based and feature-based methods for context-sensitive spelling correction},
    booktitle = {Proceedings of the 34th annual meeting on Association for Computational Linguistics},
    year = {1996},
    location = {Santa Cruz, California},
    pages = {71--78},
    numpages = {8},
    url = {http://dx.doi.org/10.3115/981863.981873},
    doi = {http://dx.doi.org/10.3115/981863.981873},
    acmid = {981873},
    publisher = {Association for Computational Linguistics},
    address = {Morristown, NJ, USA},
}

@article{golding1999winnow,
  title={A winnow-based approach to context-sensitive spelling correction},
  author={Golding, A.R. and Roth, D.},
  journal={Machine learning},
  volume={34},
  number={1},
  pages={107--130},
  year={1999},
  publisher={Springer}
}

@mastersthesis{greenfield2010open,
    title = {Open Source Natural Language Processing},
    author = {Kara Greenfield and Sarah Judd},
    school = {Worchester Polytechnic Institute},
    year = {2010},
    pages = {110},
    url = {http://www.wpi.edu/Pubs/E-project/Available/E-project-042810-055257/},
    urn = {E-project-042810-055257}
}


@inproceedings{hassan2008language,
    author = {Ahmed Hassan and Sara Noeman and Hany Hassan},
    title = {Language Independent Text Correction using Finite State Automata},
    year = {2008},
    booktitle = {Proceedings of the Third International Joint Conference on Natural Language Processing},
    volume = {2},
    location = {Hyderabad, India},
    pages = {913--918}
}

@article{hedlund2002dictionarybased,
    author = {A Pirkola and T Hedlund and H Keskustalo},
    title = {Dictionary-based cross-language information retrieval: problems, methods and research findings},
    journal = {Inf. Retrieval},
    year = {2001},
    number = {4},
    pages = {209--230},
}

@inproceedings{karttunen1992two,
  title={Two-level morphology with composition},
  author={Karttunen, Lauri and Kaplan, Ronald M and Zaenen, Annie and others},
  booktitle={COLING’92},
  pages={141--148},
  year={1992}
}

@inproceedings{karttunen1995replace,
  title={The replace operator},
  author={Karttunen, Lauri},
  booktitle={Proceedings of the 33rd annual meeting on Association for Computational Linguistics},
  pages={16--23},
  year={1995},
  organization={Association for Computational Linguistics}
}

@article{karttunen2006numbers,
  title={Numbers and {F}innish numerals},
  author={Karttunen, Lauri},
  journal={SKY Journal of Linguistics},
  volume={19},
  pages={407--421},
  year={2006},
}

@Inproceedings{linden2009hfst,
    Author = {Krister Lindén and Miikka Silfverberg and Tommi Pirinen},
    Booktitle = {sfcm 2009},
    Crossref = {conf/sfcm/2009},
    Pages = {28---47},
    Title = {HFST Tools for Morphology---An Efficient Open-Source Package for Construction of Morphological Analyzers},
    Year = {2009},
}

@article{linden2011hfst,
  title={Hfst—framework for compiling and applying morphologies},
  author={Lindén, Krister and Axelson, Erik and Hardwick, Sam and Pirinen, Tommi A and Silfverberg, Miikka},
  journal={Systems and Frameworks for Computational Morphology},
  pages={67--85},
  year={2011},
  publisher={Springer}
}

@article{hirst1998lexical,
  title={Lexical chains as representations of context for the detection and correction of malapropisms},
  author={Hirst, G. and St-Onge, D.},
  journal={WordNet: An electronic lexical database},
  volume={305},
  pages={305--332},
  year={1998},
  publisher={Cambridge}
}

@article{hulden2009fast,
    author = {Måns Huldén},
    year = {2009},
    title = {Fast approximate string matching with finite automata},
    journal = {Procesamiento del Lenguaje Natural},
    volume = {43},
    pages = {57--64},
}

@misc{hunspell/man,
    title = {Hunspell Manual},
    author = {László Németh},
    year = {2011},
    howpublished = {Electronic Software Manual (manpage)}
}

@book{jurafsky2000speech,
  title={Speech and language processing: An introduction to natural language processing, computational linguistics, and speech recognition},
  author={Jurafsky, D. and Martin, J.H.},
  volume={2},
  year={2000},
  publisher={Prentice Hall New Jersey},
  pages={1024}
}

@inproceedings{karlsson1992swetwol,
    author = {Fred Karlsson},
    title = {SWETWOL: A Comprehensive Morphological Analyser for {S}wedish---in Nordic Journal of Linguistics, 15},
    booktitle = {Machines in Language Translation---Xerox PARC Working Paper, reprinted in Machine Translation},
    year = {1992},
    pages = {3--23},
}

@inproceedings{karlsson1990constraint,
    author = {Fred Karlsson},
    year = {1990},
    title = {Constraint Grammar as a Framework for Parsing Unrestricted Text},
    editor = {H. Karlgren},
    booktitle = {Proceedings of the 13th International Conference of Computational Linguistics},
    volume = {3},
    address = {Helsinki},
    pages = {168--173},
}

@inproceedings{kernighan1990spelling,
  title={A spelling correction program based on a noisy channel model},
  author={Kernighan, M.D. and Church, K.W. and Gale, W.A.},
  booktitle={Proceedings of the 13th conference on Computational linguistics-Volume 2},
  pages={205--210},
  year={1990},
  organization={Association for Computational Linguistics}
}

@book{knuth1973art,
  title={The art of computer programming},
  author={Knuth, D.E.},
  volume={3},
  year={1973},
  pages={800},
  publisher={Addison-Wesley, Reading, MA}
}

@article{knuth1984literate,
  title={Literate programming},
  author={Knuth, Donald Ervin},
  journal={The Computer Journal},
  volume={27},
  number={2},
  pages={97--111},
  year={1984},
  publisher={Br Computer Soc}
}

@inproceedings{kobus2008normalizing,
  title={Normalizing {SMS}: are two metaphors better than one},
  author={Kobus, Catherine and Yvon, Fran{\c{c}}ois and Damnati, G{\'e}raldine},
  booktitle={Proceedings of the 22nd International Conference on Computational Linguistics (COLING 2008)},
  pages={441--448},
  year={2008}
}

@article{kornai2002many,
  title={How many words are there},
  author={Kornai, A.},
  journal={Glottometrics},
  volume={4},
  pages={61--86},
  year={2002},
}

@phdthesis{koskenniemi1983twolevel,
    author = {Kimmo Koskenniemi},
    title = {Two-level Morphology: A General Computational Model for Word-Form Recognition and Production},
    school = {University of Helsinki},
    year = {1983},
    pages = {160},
    url = {http://www.ling.helsinki.fi/koskenni/doc/Two-LevelMorphology.pdf},
}

@article{kukich1992spelling,
 author = {Kukich, Karen},
 title = {Spelling correction for the telecommunications network for the deaf},
 journal = {Commun. ACM},
 issue_date = {May 1992},
 volume = {35},
 number = {5},
 month = may,
 year = {1992},
 issn = {0001-0782},
 pages = {80--90},
 numpages = {11},
 url = {http://doi.acm.org/10.1145/129875.129882},
 doi = {10.1145/129875.129882},
 acmid = {129882},
 publisher = {ACM},
 address = {New York, NY, USA},
 keywords = {spelling correction, telecommunications network for the deaf, text-to-speech synthesis},
}

@article{kukich1992techniques,
    author = {Kukich, Karen},
    title = {Techniques for automatically correcting words in text},
    journal = {ACM Comput. Surv.},
    volume = {24},
    number = {4},
    year = {1992},
    issn = {0360-0300},
    pages = {377--439},
    doi = {http://doi.acm.org/10.1145/146370.146380},
    publisher = {ACM},
    address = {New York, NY, USA},
}

@article{levenshtein1965,
    author = {В.И. Левенштейн},
    year = {1965},
    title = {Двоичные коды с исправлением выпадений, вставок и замещений символов},
    journal = {Доклады Академий Наук СCCP},
    volume = {163},
    number = {4},
    pages = {845–848},
}

@article{levenshtein1966binary,
    author = {V. I. Levenshtein},
    title = {Binary codes capable of correcting deletions, insertions, and reversals},
    journal = {Soviet Physics---Doklady 10, 707–710. Translated from Doklady Akademii Nauk SSSR},
    year = {1966},
    pages = {845--848},
    note = {Untranslated version 1965}
}

@phdthesis{liang1983word,
    author = {Franklin Mark Liang},
    title = {Word hy-phen-a-tion by com-pu-ter},
    school = {Stanford University},
    year = {1983},
    url = {http://www.tug.org/docs/liang/},
}

@misc{liberman2012noisily,
    author = {Mark Liberman},
    title = {Noisily Channeling {C}laude {S}hannon},
    year = {2012},
    howpublished = {Blog post in Language Log},
    url = {http://languagelog.ldc.upenn.edu/nll/?p=4115},
    note = {Retrieved 1st of August 2013: \url{http://languagelog.ldc.upenn.edu/nll/?p=4115}}
}

@inproceedings{mangu1997automatic,
  title={Automatic rule acquisition for spelling correction},
  author={Mangu, L. and Brill, E.},
  booktitle={machine learning-international workshop},
  pages={187--194},
  year={1997},
  organization={morgan kaufmann publishers, inc.}
}

@book{manning1999foundations,
  title={Foundations of statistical natural language processing},
  author={Manning, C.D. and Sch{\"u}tze, H.},
  year={1999},
  pages={620},
  publisher={MIT Press}
}

@techreport{marek2006analysis,
    author = {Torsten Marek},
    year = {2006},
    title = {Analysis of {G}erman Compounds using Weighted Finite State Transducers},
    pages = {45},
    publisher = {Eberhard-Karls-Universität Tübingen},
}

@inproceedings{maxwell2008joint,
    title = {Joint Grammar Development by Linguists and Computer Scientists},
    author = {Michael Maxwell and Anne David},
    year = {2008},
    booktitle = {Workshop on NLP for Less Privileged Languages, Third International Joint Conference on Natural Language Processing},
    address = {Hyderabad, India},
    pages = {27--34}
}

@inproceedings{max2010mining,
   author = {Aurélien Max and Guillaume Wisniewski},
  title = {Mining Naturally-occurring Corrections and Paraphrases from Wikipedia’s Revision History},
  booktitle = {Proceedings of the Seventh International Conference on Language Resources and Evaluation (LREC'10)},
  year = {2010},
  month = {may},
  date = {19-21},
  address = {Valletta, Malta},
  editor = {Nicoletta Calzolari (Conference Chair) and Khalid Choukri and Bente Maegaard and Joseph Mariani and Jan Odijk and Stelios Piperidis and Mike Rosner and Daniel Tapias},
  publisher = {European Language Resources Association (ELRA)},
  isbn = {2-9517408-6-7},
  language = {english}
}

@article{mays1991context,
    author = {Mays, Eric and Damerau, Fred J. and Mercer, Robert L.},
    title = {Context based spelling correction},
    journal = {Inf. Process. Manage.},
    volume = {27},
    number = {5},
    year = {1991},
    issn = {0306-4573},
    pages = {517--522},
    doi = {http://dx.doi.org/10.1016/0306-4573(91)90066-U},
    publisher = {Pergamon Press, Inc.},
    address = {Tarrytown, NY, USA},
}

@mastersthesis{mitankin2005universal,
 author = {Petar Nikolaev Mitankin},
 year = {2005},
 title = {Universal {L}evenshtein Automata. Building and Properties},
 school = {University of Sofia},
 url = {http://www.fmi.uni-sofia.bg/fmi/logic/theses/mitankin-en.pdf},
 pages = {77}
}

@article{mitton1987spelling,
 author = {Mitton, Roger},
 title = {Spelling checkers, spelling correctors and the misspellings of poor spellers},
 journal = {Inf. Process. Manage.},
 issue_date = {Sept. 1987},
 volume = {23},
 number = {5},
 month = sep,
 year = {1987},
 issn = {0306-4573},
 pages = {495--505},
 numpages = {11},
 url = {http://dx.doi.org/10.1016/0306-4573(87)90116-6},
 doi = {10.1016/0306-4573(87)90116-6},
 acmid = {33067},
 publisher = {Pergamon Press, Inc.},
 address = {Tarrytown, NY, USA},
}

@article{mitton2009ordering,
    author = {Mitton, Roger},
    title = {Ordering the suggestions of a spellchecker without using context},
    journal = {Nat. Lang. Eng.},
    volume = {15},
    number = {2},
    year = {2009},
    issn = {1351-3249},
    pages = {173--192},
    doi = {http://dx.doi.org/10.1017/S1351324908004804},
    publisher = {Cambridge University Press},
    address = {New York, NY, USA},
}

@article{mohri1997finitestate,
    author = {Mehryar Mohri},
    title = {Finite-state transducers in language and speech processing},
    journal = {Comp. Linguistics},
    year = {1997},
    volume = {23},
    pages = {269--311},
}


@inproceedings{mohri2002efficient,
    author = {Mehryar Mohri and Michael Riley},
    title = {An efficient algorithm for the n-best-strings problem},
    year = {2002},
    pages = {4},
    booktitle = {Proceedings of the International Conference on Spoken Language
        Processing 2002},
    address = {Denver, Colorado}
}

@article{mohri2003edit,
  title={Edit-distance of weighted automata: general definitions and algorithms},
  author={Mohri, M.},
  journal={International Journal of Foundations of Computer Science},
  volume={14},
  number={6},
  pages={957--982},
  year={2003}
}

@article{mohri2009weighted,
  title={Weighted automata algorithms},
  author={Mohri, M.},
  journal={Handbook of weighted automata},
  pages={213--254},
  year={2009},
  publisher={Springer}
}

@article{monson2004data,
  title={Data Collection and Analysis of {M}apudungun Morphology for Spelling Correction},
  author={Monson, C. and Levin, L. and Vega, R.M. and Brown, R.D. and Font-Llitjos, A. and Lavie, A. and Carbonell, J.G. and Ca{\~n}ulef, E. and Huisca, R.},
  journal={Computer Science Department},
  pages={300},
  year={2004}
}

@inproceedings{nemeth2004leveraging,
    title={Leveraging the open source ispell codebase for minority language analysis},
    author={Németh, L. and Trón, V. and Halácsy, P. and Kornai, A. and Rung, A. and Szakadát, I.},
    booktitle={First Steps in Language Documentation for Minority Languages: Computational Linguistic Tools for Morphology, Lexicon and Corpus Compilation, Proceedings of the SALTMIL Workshop at LREC 2004},
    pages={56--59},
    year={2004}
}

@misc{norvig2010howto,
    author = {Peter Norvig},
    title = {How To Write a Spelling Corrector},
    howpublished = {Web page},
    note = {retrieved first of November 2011, available \url{http://norvig.com/spell-correct.html}},
    year = {2010},
    url = {http://norvig.com/spell-correct.html},
}

@Article{oflazer1996errortolerant,
    Author = {Kemal Oflazer},
    Journal = {Computational Linguistics},
    Number = {1},
    Pages = {73-89},
    Title = {Error-tolerant Finite-state Recognition with Applications
               to Morphological Analysis and Spelling Correction},
    Volume = {22},
    Year = {1996},
}

@inproceedings{openfst,
    author = {Cyril Allauzen and Michael Riley and Johan Schalkwyk and Wojciech Skut and Mehryar Mohri},
    year = {2007},
    title = {Open{F}st: A General and Efficient Weighted Finite-State Transducer Library},
    crossref = {conf/ciaa/2007},
    pages = {11--23},
    url = {http://www.openfst.org},
}

@article{otero2007contextual,
  title={Contextual spelling correction},
  author={Otero, J. and Grana, J. and Vilares, M.},
  journal={Computer Aided Systems Theory--EUROCAST 2007},
  pages={290--296},
  year={2007},
  publisher={Springer}
}

@article{peterson1980computer,
  title={Computer programs for spelling correction: an experiment in program design},
  author={Peterson, J.},
  journal={Lecture Notes in Computer Science},
  pages={129},
  year={1980},
  publisher={Springer}
}

@article{peterson1980computerX,
  title={Computer programs for detecting and correcting spelling errors},
  author={Peterson, J.L.},
  journal={Communications of the ACM},
  volume={23},
  number={12},
  pages={676--687},
  year={1980},
  publisher={ACM}
}

@article{philips2000double,
  title={The double metaphone search algorithm},
  author={Philips, L.},
  journal={C/C++ Users Journal},
  volume={18},
  number={6},
  pages={38--43},
  year={2000},
  publisher={CMP Media LLC}
}

@article{philips1990hanging,
  title={Hanging on the metaphone},
  author={Philips, L.},
  journal={Computer Language},
  volume={7},
  pages = {39--44},
  number={12},
  year={1990}
}

@mastersthesis{pirinen2008suomen,
    title = {Suomen kielen äärellistilainen automaattinen morfologinen analyysi avoimen lähdekoodin menetelmin},
    year = {2008},
    author = {Tommi Pirinen},
    school = {Helsingin yliopisto},
    url = {http://www.helsinki.fi/%7Etapirine/gradu/},
}

@mastersthesis{pirinen2008automatic,
    title = {Automatic Finite State Morphological Analysis of {F}innish Language Using Open Source Resources (in {F}innish)},
    year = {2008},
    author = {Tommi Pirinen},
    school = {University of Helsinki},
    url = {http://www.helsinki.fi/%7Etapirine/gradu/},
}


@techreport{pitkanen2006hunspell,
    author = {Harri Pitk\"{a}nen},
    title = {Hunspell-in Kes\"{a}koodi 2006: Final report},
    year = {2006},
    url = {http://www.puimula.org/htp/archive/kesakoodi2006-report.pdf},
    institution = {COSS.fi}
}

@article{pollock1984automatic,
 author = {Pollock, Joseph J. and Zamora, Antonio},
 title = {Automatic spelling correction in scientific and scholarly text},
 journal = {Commun. ACM},
 issue_date = {April 1984},
 volume = {27},
 number = {4},
 month = apr,
 year = {1984},
 issn = {0001-0782},
 pages = {358--368},
 numpages = {11},
 url = {http://doi.acm.org/10.1145/358027.358048},
 doi = {10.1145/358027.358048},
 acmid = {358048},
 publisher = {ACM},
 address = {New York, NY, USA},
 keywords = {dictionary lookup, similarity keys, spelling correction},
} 

@article{raviv1967decision,
  title={Decision making in {M}arkov chains applied to the problem of pattern recognition},
  author={Raviv, J.},
  journal={Information Theory, IEEE Transactions on},
  volume={13},
  number={4},
  pages={536--551},
  year={1967},
  publisher={IEEE}
}

@article{ristad1998learning,
  title={Learning string-edit distance},
  author={Ristad, E.S. and Yianilos, P.N.},
  journal={Pattern Analysis and Machine Intelligence, IEEE Transactions},
  volume={20},
  number={5},
  pages={522--532},
  year={1998},
  publisher={IEEE}
}

@article{rojas2005construccion,
  title={Construcción y minimización eficiente de transductores de letras a partir de diccionarios con paradigmas},
  author={Ortíz-Rojas, Sergio and Forcada, Mikel L and Sánchez, Gema Ramírez},
  journal={Procesamiento del lenguaje natural},
  volume={35},
  pages={51--57},
  year={2005}
}

@incollection{ruch2001using,
    author = {Ruch, Patrick and Baud, Robert and Geissbühler, Antoine and Lovis, Christian and Rassinoux, Anne-Marie and Rivière, Alain},
    affiliation = {University Hospital of Geneva Medical Informatics Division Geneva},
    title = {Using Part-of-Speech and Word-Sense Disambiguation for Boosting String-Edit Distance Spelling Correction},
    booktitle = {Artificial Intelligence in Medicine},
    series = {Lecture Notes in Computer Science},
    editor = {Quaglini, Silvana and Barahona, Pedro and Andreassen, Steen},
    publisher = {Springer Berlin / Heidelberg},
    isbn = {},
    pages = {249-257},
    volume = {2101},
    url = {http://dx.doi.org/10.1007/3-540-48229-6\_36},
    note = {10.1007/3-540-48229-6\_36},
    year = {2001},
}

@article{russell1918soundex,
  title={Soundex},
  author={Russell, R. and Odell, M.},
  journal={US Patent},
  volume={1261167},
  year={1918}
}

@article{schiller2006german,
  title={German compound analysis with wfsc},
  author={Schiller, A.},
  journal={Finite-State Methods and Natural Language Processing},
  pages={239--246},
  year={2006},
  publisher={Springer}
}

@article{schmid2006programming,
  title={A programming language for finite state transducers},
  author={Schmid, H.},
  journal={Lecture notes in computer science},
  volume={4002},
  pages={308},
  year={2006},
}

@ARTICLE{schulz2002fast,
    author = {Klaus Schulz and Stoyan Mihov},
    title = {Fast String Correction with Levenshtein-Automata},
    journal = {International Journal of Document Analysis and Recognition},
    year = {2002},
    volume = {5},
    pages = {67--85},
}

@article{shannon1948mathematical,
  title={A mathematical theory of communications, {I} and {II}},
  author={Shannon, C.E.},
  journal={Bell Syst. Tech. J},
  volume={27},
  pages={379--423},
  year={1948}
}

@PhdThesis{siivola2007language,
    Author = {Vesa Siivola},
    School = {Helsinki University of Technology},
    Title = {Language Models for Automatic Speech Recognition: Construction and Complexity Control},
    Year = {2007},
}

@Inproceedings{silfverberg2009hfst,
    Author = {Miikka Silfverberg and Krister Lindén},
    Booktitle = {FSMNLP 2009},
    Crossref = {conf/fsmnlp/2009},
    Title = {{HFST} Runtime Format---A Compacted Transducer Format Allowing for Fast Lookup},
    URL = {http://www.ling.helsinki.fi/klinden/pubs/fsmnlp2009runtime.pdf},
    Year = {2009},
}

@inproceedings{silfverberg2010partofspeech,
    author = {Miikka Silfverberg and Krister Lindén},
    year = {2010},
    title = {Part-of-Speech Tagging Using Parallel Weighted Finite-State Transducers},
    booktitle = {Advances in Natural Language Processing --- Proceedigns of the 7th International Conference on NLP, IceTAL 2010},
    address = {Reykjavik, Iceland},
    pages = {369--381},
    editor = {Hrafn Loftsson and Eiríkur Rögnvaldsson and Sigrún Helgadóttir},
    volume = {6233},
    isbn = {978-3-642-14769-2},
}

@inproceedings{sjobergh2004finding,
    author = {Jonas Sjöbergh and Viggo Kann},
    year = {2004},
    title = {Finding the Correct Interpretation of {Swedish} Compounds -- a Statistical Approach},
    crossref = {conf/lrec/2004},
    pages = {899--902},
}

@inproceedings{stolcke2002srilm,
  title={{SRILM}-an extensible language modeling toolkit},
  author={Stolcke, Andreas and others},
  booktitle={Proceedings of the international conference on spoken language processing},
  volume={2},
  pages={901--904},
  year={2002}
}
@inproceedings{tron2005hunmorph,
  title={Hunmorph: open source word analysis},
  author={Trón, V. and Kornai, A. and Gyepesi, G. and Németh, L. and Halácsy, P. and Varga, D.},
  booktitle={Proceedings of the Workshop on Software},
  pages={77--85},
  year={2005},
  organization={Association for Computational Linguistics}
}

@misc{unicode,
    title={The {U}nicode Standard},
    author={{The Unicode Consortium}},
    year={2013},
    pages={690},
    editor={Julie D. Allen, Deborah Anderson, Joe Becker, Richard Cook,
Mark Davis, Peter Edberg, Michael Everson, Asmus Freytag,
John H. Jenkins, Rick McGowan, Lisa Moore, Eric Muller,
Addison Phillips, Michel Suignard, and Ken Whistler},
    isbn={978-1-936213-07-8},
    url={http://www.unicode.org/versions/latest/},
    howpublished={WWW page},
    note={Retrieved 1st of August 2013 (unversioned), 
        refered version 6.2.0; \url{http://www.unicode.org/versions/latest/}}
}

@mastersthesis{verberne2002context,
  title={Context-sensitive spell checking based on word trigram probabilities},
  author={Verberne, S.},
  school={University of Nijmegen},
  month={February-August},
  year={2002}
}

@misc{visk,
    author = {Auli Hakulinen and Maria Vilkuna and Riitta Korhonen and Vesa Koivisto and Tarja-Riitta Heinonen and Irja Alho},
    year = {2008},
    title = {Iso suomen kielioppi},
    publisher = {Suomalaisen Kirjallisuuden Seura},
    url = {http://kaino.kotus.fi/visk},
    note = {Online version. Retrieved 1st of August 2013: \url{http://kaino.kotus.fi/visk/}}
}

@article{watson2003new,
  title={A new algorithm for the construction of minimal acyclic {DFAs}},
  author={Watson, B.W.},
  journal={Science of Computer Programming},
  volume={48},
  number={2},
  pages={81--97},
  year={2003},
  publisher={Elsevier}
}

@inproceedings{wilcox-ohearn2008realword,
    author = {L. Amber Wilcox-O'Hearn and
               Graeme Hirst and
               Alexander Budanitsky},
    title = {Real-Word Spelling Correction with Trigrams: A Reconsideration
               of the {M}ays, {D}amerau, and {M}ercer Model},
    booktitle = {Proceedings of CICLing 2008},
    year = {2008},
    pages = {605-616},
    ee = {http://dx.doi.org/10.1007/978-3-540-78135-6\_52},
    crossref = {conf/cicling/2008},
    bibsource = {DBLP, http://dblp.uni-trier.de},
}

@article{wintner2008strengths,
    author = {Wintner, Shuly},
    title = {Strengths and weaknesses of finite-state technology: A case study in morphological grammar development},
    journal = {Nat. Lang. Eng.},
    volume = {14},
    issue = {4},
    month = {October},
    year = {2008},
    issn = {1351-3249},
    pages = {457--469},
    numpages = {13},
    url = {http://portal.acm.org/citation.cfm?id=1520025.1520027},
    doi = {10.1017/S1351324907004676},
    acmid = {1520027},
    publisher = {Cambridge University Press},
    address = {New York, NY, USA},
}

@article{yannakoudakis1983intelligent,
    title={An intelligent spelling error corrector},
    volume={19},
    url={http://linkinghub.elsevier.com/retrieve/pii/0306457383900468},
    number={2},
    journal={Information Processing and Management},
    publisher={Elsevier},
    author={Yannakoudakis, E J and Fawthrop, D},
    year={1983},
    pages={101--108}
}

@article{yli2005toward,
  title={Toward a widely usable finite-state morphology workbench for less studied languages, 1: Desiderata},
  author={Yli-Jyr{\"a}, Anssi and others},
  journal={Nordic Journal of African Studies},
  year={2005}
}















@proceedings{fsmnlp2012,
    editor = {Iñaki Alegria and Mns Huldén},
    title = {Pre-proceedings of the 10th International Workshop on Finite State Methods and Natural Language Processing FSMNLP},
    year = {2012},
    month = {July 23--25},
    location = {Donostia-San Sebastián, Spain},
    publisher = {University of the Basque Country}
}

@proceedings{conf/nodalida/2003,
    title = {NODALIDA 2003, the 14th Nordic Conference of
               Computational Linguistics, Reykjavik,
               May 30-31, 2003, Proceedings},
    booktitle = {Nodalida '03},
    year = {2003},
}

@Proceedings{conf/cicling/2008,
    Editor = {Alexander F. Gelbukh},
    Publisher = {Springer},
    Title = {Computational Linguistics and Intelligent Text Processing,
               9th International Conference, CICLing 2008, Haifa, Israel,
               February 17-23, 2008, Proceedings},
    Year = {2008},
}

@proceedings{conf/fsmnlp/2009,
    editor = {Bruce Watson and Derrick Courie and Loek Cleophas and Pierre Rautenbach},
    title = {Pre-proceedings of the Eighth International Workshop on Finite-State Methods and Natural Language Processing (FSMNLP 2009), Pretoria, South Africa, July 21st - 24th 2009},
    howpublished = {Handout CD-ROM containing the accompanying papers for the presentations during the FSMNLP 2009 workshop.  Published by the University of Pretoria, Pretoria, South Africa.},
    month = {13 July},
    booktitle = {FSMNLP 2009},
    publisher = {},
    series = {},
    volume = {},
    year = {2009},
    isbn = {978-1-86854-743-2},
}
@proceedings{conf/nodalida/2009,
    editor = {Kristiina Jokinen and Eckhard Bick},
    title = {Proceedings of 17th Nordic Conference of Computational Linguistics,
      Nodalida 2009, Odense, Denmark, May 14---16 2009, Proceedings},
    booktitle = {NODALIDA 2009},
    publisher = {},
    series = {NEALT Proceedings},
    volume = {4},
    year = {2009},
    isbn = {},
    uri = {http://hdl.handle.net/10062/9909},
}


@proceedings{conf/sfcm/2009,
    editor = {Cerstin Mahlow and Michael Piotrowski},
    title = {Workshop on Systems and Frameworks for Computational Morphology,
      SFCM 2009, Zürich, Switzerland, September 2009, Proceedings},
    booktitle = {State of the Art in Computational Morphology},
    publisher = {Springer},
    series = {Lecture Notes in Computer Science},
    volume = {41},
    year = {2009},
    isbn = {978-3-642-04130-3},
}

@proceedings{conf/ciaa/2007,
    title = {Proceedings of the Ninth International Conference on
  Implementation and Application of Automata, (CIAA 2007)},
    volume = {4783},
    booktitle = {Lecture Notes in Computer Science},
    publisher = {Springer},
    year = {2007},
}

@proceedings{conf/baltichlt2,
    title = {Proceedings of the Second Baltic Conference on Human Language Technologies},
}
@proceedings{conf/lrec/2004,
    title = {Proceedings of {LREC}-2004},
    publisher = {Lisbon, Portugal},
}
## The articles making up the thesis
@Inproceedings{pirinen2009weighted,
    Author = {Krister Lindén and Tommi Pirinen},
    Booktitle = {Nodalida 2009},
    series = {NEALT Proceedings},
    volume = {4},
    editor = {Kristiina Jokinen and Eckhard Bick},
    Title = {Weighted Finite-State Morphological Analysis of {F}innish Compounds},
    URL = {http://www.ling.helsinki.fi/klinden/pubs/linden09dnodalida.pdf},
    Year = {2009},
    category = {thesis}
}

@Inproceedings{pirinen2009weighting,
    Author = {Krister Lindén and Tommi Pirinen},
    Booktitle = {FSMNLP 2009},
    editor = {Bruce Watson and Derrick Courie and Loek Cleophas and Pierre Rautenbach},
    month = {July},
    isbn = {978-1-86854-743-2},
    Title = {Weighting Finite-State Morphological Analyzers using {HFST} tools},
    URL = {http://www.ling.helsinki.fi/klinden/pubs/fsmnlp2009weighting.pdf},
    Year = {2009},
    category = {thesis}
}

@inproceedings{pirinen2010building,
    author = {Tommi A Pirinen and Krister Lindén},
    title = {Building and Using Existing {H}unspell Dictionaries and {\TeX } Hyphenators as Finite-State Automata},
    booktitle = {Proccedings of Computational Linguistics - Applications, 2010},
    year = {2010},
    address = {Wis{\l}a, Poland},
    pages = {25---32},
    url = {http://www.helsinki.fi/%7Etapirine/publications/Pirinen-cla-2010.pdf},
    category = {thesis}
}

@InProceedings{pirinen2010finitestate,
    author = {Tommi A Pirinen and Krister Lindén},
    title = {Finite-State Spell-Checking with Weighted Language and Error Models},
    booktitle = {Proceedings of the Seventh SaLTMiL workshop on creation and use of basic lexical resources for less-resourced languagages},
    year = {2010},
    address = {Valletta, Malta},
    pages = {13--18},
    url = {http://siuc01.si.ehu.es/%7Ejipsagak/SALTMIL2010\_Proceedings.pdf},
    category = {thesis}
}

@article{pirinen2010creating,
  title={Creating and Weighting {H}unspell Dictionaries as Finite-State Automata},
  author={Pirinen, T.A. and Lindén, K. and others},
  journal={Investigationes Linguisticae},
  volume={21},
  year={2010},
    category = {thesis}
}

@inproceedings{pirinen2011modularisation,
    author = {Tommi A Pirinen},
    year = {2011},
    title = {Modularisation of {F}innish Finite-State Language Description—Towards Wide Collaboration in Open Source Development of Morphological Analyser},
    booktitle = { Proceedings of Nodalida},
   volume = {18},
   series = {NEALT proceedings},
   url = {http://www.helsinki.fi/\%7etapirine/publications/Pirinen-nodalida-2011-omorfi.pdf},
    category = {thesis}
}

@article{pirinen2012compiling,
  title={Compiling {A}pertium morphological dictionaries with {HFST} and using them in {HFST} applications},
  author={Pirinen, T.A. and Tyers, F.M.},
  journal={Language Technology for Normalisation of Less-Resourced Languages},
  pages={25},
  year={2012},
    category = {thesis}
}

@inproceedings{pirinen2012effects,
  author    = {Pirinen, Tommi A  and  Hardwick, Sam},
  title     = {Effect of Language and Error Models on Efficiency of 
      Finite-State Spell-Checking and Correction},
  booktitle = {Proceedings of the 10th International Workshop on Finite State
      Methods and Natural Language Processing},
  month     = {July},
  year      = {2012},
  address   = {Donostia--San Sebastián},
  publisher = {Association for Computational Linguistics},
  pages     = {1--9},
  url       = {http://www.aclweb.org/anthology/W12-6201},
    category = {thesis}
}

@conference{pirinen2012improving,
    title = {Improving Finite-State Spell-Checker Suggestions with Part of Speech N-Grams},
    author = {Tommi Pirinen and Miikka Silfverberg and Krister Lindén},
    year = {2012},
    location = {Delhi, India},
    booktitle = {IJCLA},
    category = {thesis}
}
@article{pirinen2013quality,
    title = {Quality and Speed Trade-Offs in Weighted Finite-State Spell-Checking},
    year = {forthcoming},
    author = {Tommi A Pirinen},
    journal = {presubmitted},
    note = {submitted},
    category = {thesis}
}

