%% Saved with string encoding Unicode (UTF-8) 



@article{vanslype79,
	title={Critical study of methods for evaluating the quality of machine translation},
	author={Van Slype, Georges},
	journal={Prepared for the Commission of European Communities Directorate General Scientific and Technical Information and Information Management. Report BR},
	volume={19142},
	year={1979}}

@inproceedings{somers00,
	Author = {Somers, Harold and Wild, Elizabeth},
	Booktitle = {Translating and the Computer 22: Proceedings of the Twenty-second International Conference on Translating and the Computer},
	Date-Added = {2015-02-13 09:05:10 +0000},
	Date-Modified = {2015-02-13 09:06:41 +0000},
	Title = {Evaluating machine translation: the {C}loze procedure revisited},
	Year = {2000}}

@article{oregan13,
	Author = {Jim O'Regan and Mikel L. Forcada},
	Journal = {Procesamiento del Lenguaje Natural},
	Pages = {15--22},
	Title = {{P}eeking through the language barrier: the development of a free/open-source gisting system for {Basque} to {English} based on \texttt{apertium.org}},
	Volume = {51},
	Year = {2013}}

@inproceedings{trosterud12,
	Author = {Trond Trosterud and Kevin Brubeck Unhammer},
	Booktitle = {Proceedings of the Third International Workshop on Free/Open-Source Rule-Based Machine Translation (FreeRBMT 2012)},
	Title = {{E}valuating {N}orth {S}{\'a}mi to {N}orwegian assimilation {RBMT}},
	Year = {2012}}

@article{church93,
	Author = {Kenneth W. Church and Eduard H. Hovy},
	Journal = {Machine Translation},
	Number = {4},
	Pages = {239--258},
	Title = {{G}ood applications for crummy machine translation},
	Volume = {8},
	Year = {1993}}

@article{ginesti09,
  title={Development of a free {B}asque to {S}panish machine translation system},
  author={Ginest{\i}-Rosell, Mireia and Ram{\i}rez-S{\'a}nchez, Gema and Ortiz-Rojas, Sergio and Tyers, Francis M and Forcada, Mikel L},
  journal={Procesamiento del Lenguaje Natural},
  volume={43},
  pages={187--195},
  year={2009}
}

@inproceedings{jones07,
  title={{ILR}-based {MT} comprehension test with multi-level questions},
  author={Jones, Douglas and Herzog, Martha and Ibrahim, Hussny and Jairam, Arvind and Shen, Wade and Gibson, Edward and Emonts, Michael},
  booktitle={Human Language Technologies 2007: The Conference of the North American Chapter of the Association for Computational Linguistics; Companion Volume, Short Papers},
  pages={77--80},
  year={2007},
  organization={Association for Computational Linguistics}
}

@article{federmann12,
  title={Appraise: an open-source toolkit for manual evaluation of {MT} output},
  author={Federmann, Christian},
  journal={The Prague Bulletin of Mathematical Linguistics},
  volume={98},
  pages={25--35},
  year={2012}
}

@article{taylor53,
  title={"{C}loze procedure": a new tool for measuring readability.},
  author={Taylor, Wilson L},
  journal={Journalism quarterly},
  year={1953},
  publisher={Association for Education in Journalism \& Mass Communication}
}

@article{forcada11,
  title={Apertium: a free/open-source platform for rule-based machine translation},
  author={Forcada, Mikel L and Ginest{\'\i}-Rosell, Mireia and Nordfalk, Jacob and O'Regan, Jim and Ortiz-Rojas, Sergio and P{\'e}rez-Ortiz, Juan Antonio and S{\'a}nchez-Mart{\'\i}nez, Felipe and Ram{\'\i}rez-S{\'a}nchez, Gema and Tyers, Francis M},
  journal={Machine translation},
  volume={25},
  number={2},
  pages={127--144},
  year={2011},
  publisher={Springer}
}

@article{krippendorff70,
  title={Estimating the reliability, systematic error and random error of interval data},
  author={Krippendorff, Klaus},
  journal={Educational and Psychological Measurement},
  volume={30},
  number={1},
  pages={61--70},
  year={1970},
  publisher={Sage Publications}
}

@article{pecherskih2012,
   author = {Т. Ф. Печерских and Г. А. Амангельдина},
   title = { Особенности перевода разносистемных языков (на примере английского и казахского языков)}, 
   journal = {Молодой ученый},
   volume = 3,
   pages = {259--261},
   year = 2012
}


@book{karlsson95,
	author		=	"F. Karlsson and A. Voutilainen and J. Heikkilä and A. Anttila",
	title		=	"Constraint Grammar: A language independent system for parsing unrestricted text",
	publisher 	=	"Mouton de Gruyter",
	year		=	1995,
}



@inbook{hfst/2011,
title = "HFST—Framework for Compiling and Applying Morphologies",
author = "Krister Linden and Miikka Silfverberg and Erik Axelson and Sam Hardwick and Tommi Pirinen",
year = "2011",
editor = "Cerstin Mahlow and Michael Pietrowski",
volume = "Vol. 100",
isbn = "978-3-642-23137-7",
series = "Communications in Computer and Information Science",
pages = "67-85",
booktitle = "Systems and Frameworks for Computational Morphology"
}

@article{levenshtein/1966,
        author = {V. I. Levenshtein},
        title = {Binary codes capable of correcting deletions, insertions, and reversals},
        journal = {Soviet Physics---Doklady 10, 707–710. Translated from Doklady Akademii Nauk SSSR},
        pages = {845--848},
        year = 1966
}

@inproceedings{papineni02,
 author = {Papineni, Kishore and Roukos, Salim and Ward, Todd and Zhu, Wei-Jing},
 title = {BLEU: A Method for Automatic Evaluation of Machine Translation},
 booktitle = {Proceedings of the 40th Annual Meeting on Association for Computational Linguistics},
 series = {ACL '02},
 year = {2002},
 location = {Philadelphia, Pennsylvania},
 pages = {311--318},
 numpages = {8},
 url = {http://dx.doi.org/10.3115/1073083.1073135},
 doi = {10.3115/1073083.1073135},
 acmid = {1073135},
 publisher = {Association for Computational Linguistics},
 address = {Stroudsburg, PA, USA},
} 

@inproceedings{assylbekov14,
  author = {Zhenisbek Assylbekov and Assulan Nurkas},
  title = {Initial Explorations in Kazakh to English Statistical Machine Translation},
  booktitle = {Proceedings of the  First Italian Conference on Computational Linguistics CLiC-it 2014},
  pages = {12--16},
  year = 2014
}

@InProceedings{tyers12a,
  author =       {Francis M. Tyers and Felipe S\'anchez-Mart\'inez and
                  Mikel L. Forcada},
  title =        {Flexible finite-state lexical selection for
                  rule-based machine translation},
  booktitle =    {Proc. of the 16th Annual Conference of the
                  EAMT},
  pages =        {213--220},
  year =         2012,
  address =      {Trento, Italy},
}

@InProceedings{washingtonsalimzyantyers14,
  author = {Jonathan Washington and Ilnar Salimzyanov and Francis Tyers},
  title = {Finite-state morphological transducers for three {K}ypchak languages},
  booktitle = {Proceedings of the Eight International Conference on Language Resources and Evaluation (LREC'14)},
  year = {2014},
  editor = {Calzolari, {Nicoletta (Conference Chair)} and Khalid Choukri and Thierry Declerck and Mehmet Uğur Doğan and Bente Maegaard and Joseph Mariani and Jan Odijk and Stelios Piperidis},
  publisher = {European Language Resources Association (ELRA)},
  language = {english},
}

@inproceedings{sundetova13a,
 author = {Аида М. Сундетова and А. С. Кәрібаева},
 title = {Апертиум Платформасындағы Ағылшын-Қазақ Машиналық Аудармашы Үшін Екітілді Сөздікті Құру},
 booktitle = {Матер. межд. научн.-практ. конф. «Применение информационно-коммуникационных технологий в образовании и науке», посвященной 50-летию Департамента информационно-коммуникационных технологий и 40-летию кафедры «Информационные системы» КазНУ им. аль-Фараби. 22 ноября 2013г.},
 pages = {53--57},
 year = 2013
}

@inproceedings{sundetova13b,
  author = {A. Sundetova and M. L. Forcada and A. Shormakova and A. Aitkulova},
  title = {Structural transfer rules for English-To-Kazakh machine translation in the free/open-source platform Apertium},
  booktitle = {Proceedings of the International Conference on Computer processing of Turkic Languages}, 
  pages = {317--326},
  year = 2013
}

@inproceedings{sundetova14,
  author = {A. Sundetova and A. Karibayeva and U.A. Tukeyev},
  title = {Structural transfer rules for Kazakh-To-English machine translation in the free/open-source platform Apertium},
  booktitle = {Proceedings of the International Conference on Turkic language processing “TURKLANG’14”, Istanbul Technical University, 6-7 November 2014}, 
  pages = {91--96},
  year = 2014
}
