@article{hargle,
	author = "hargle bargle",
	title = "UD in BC",
	year = "2010",
	journal = "Journal of Bumchisels",
}
