@inproceedings{scannell2014,
    author	= {Kevin Scannell},
    title	= {{Statistical models for text normalization and machine translation}},
    booktitle   = {Proceedings of the Celtic Language Technology Workshop at COLING 2014},
    year	= 2014
}

@book{karlsson2008,
    author = {Fred Karlsson},
    title = {{Finnish: An Essential Grammar}},
    publisher = {Routledge},
    address = {Abingdon, Oxon},
    year = 2008
}

@inproceedings{koehn2007,
   author = {Philipp Koehn and Hieu Hoang and Chris Callison-Burch and Marcello Federico and Nicola Bertoldi and Brooke Cowan and Wade Shen and Christine Moran and Richard Zens and Chris Dyer and Ondrej Bojar and Alexandra Constantin and Evan Herbst},
   title = {{Moses: Open Source Toolkit for Statistical Machine Translation}},
   booktitle = {{Demonstration session at the Annual Meeting of the Association for Computational Linguistics (ACL2007)}},
   year = 2007
}

@inproceedings{koehn2005,
   author = {Philipp Koehn},
   title = {Europarl: A Parallel Corpus for Statistical Machine Translation},
   booktitle = {Proceedings of MT Summit},
   year = 2005
}

@inproceedings{nakov2012,
  author = {Preslav Nakov and Jörg Tiedemann},
  title = {Combining Word-Level and Character-Level Models for Machine Translation Between Closely-Related Languages},
  booktitle = {Proceedings of the 50th Annual Meeting of the Association for Computational Linguistics},
  pages = {301--305},
  year = 2012
}


@inproceedings{unhammer2009,
   author = {Kevin Unhammer and Trond Trosterud},
   title = {Reuse of free resources in machine translation between Nynorsk and Bokmål},
   booktitle = {Proceedings of the First International Workshop on Free/Open-Source Rule-Based Machine Translation},
   pages = {35--42},
   year = 2009
}
