@inproceedings{fmtjnw2015kazdep,
	title = "Towards a free/open-source universal-de\-pen\-den\-cy treebank for Kazakh",
	author = "Francis Tyers and Jonathan Washington",
	booktitle = "Procedings of the 3rd International Conference on Computer Processing in Turkic Languages (TurkLang 2015)",
	year = "2015",
	month = "September",
	address = "Kazan, Tatarstan",
}

@inproceedings{zajnwftanasakbada2016ciclingproceedings,
	author = "Zhenisbek Assylbekov and Jonathan North Washington and Francis Tyers and Assulan Nurkas and Aida Sundetova and Aidana Karibayeva and Balzhan Abduali and Dina Amirova",
	title = "A free/open-source hybrid morphological disambiguation tool for Kazakh",
	journal = "Proceedings of the 17th Annual Conference on Intelligent Text Processing and Computational Linguistics",
	year = "2016, forthcoming",
}



@InProceedings{jnwisfmt2014lrecpaper,
	AUTHOR = "Jonathan North Washington and Ilnar Salimzyanov and Francis M. Tyers",
	TITLE = "Finite-state morphological transducers for three Kypchak languages",
  booktitle = {Proceedings of the Ninth International Conference on Language Resources and Evaluation (LREC'14)},
  year = {2014}, 
  hargle = {forthcoming},
  address = "Reykjavík, Iceland"
}

@InProceedings{isjnwfmt2013mtsummitpaper,
	AUTHOR = "Ilnar Salimzyanov and Jonathan North Washington and Francis Morton Tyers",
	TITLE = "A free/open-source Kazakh-Tatar machine translation system",
	YEAR = "2013",
	booktitle = "Proceedings of Machine Translation Summit XIV",
	address = "Nice, France",
	publisherLREC = "European Association for Machine Translation",
}

@InProceedings{jnwmifmt2012lrecpaper,
  author = {Jonathan Washington and Mirlan Ipasov and Francis Tyers},
  sortname = {Jonathan North Washington and Mirlan Ipasov and Francis Tyers},
  title = {A finite-state morphological transducer for {K}yrgyz},
  booktitle = {Proceedings of the Eighth International Conference on Language Resources and Evaluation (LREC'12)},
  year = {2012},
  month = {{M}ay 23-25},
  date = {23-25},
  address = {İstanbul},
  addressNO = {, Turkey},
  editorLREC = {Nicoletta {Calzolari (Conference Chair)} and Khalid Choukri and Thierry Declerck and Mehmet Uğur Doğan and Bente Maegaard and Joseph Mariani and Jan Odijk and Stelios Piperidis},
  publisherLREC = {European Language Resources Association (ELRA)},
  isbnLREC = {978-2-9517408-7-7},
  language = {english},
  urlLREC = {http://www.lrec-conf.org/proceedings/lrec2012/summaries/1077.html},
}

@InProceedings{fmtjnwisrb2012lrecpaper,
  author = "Tyers, Francis and Jonathan North Washington and Ilnar Salimzyan and Rustam Batalov",
  title = {A prototype machine translation system for {T}atar and {B}ashkir based on free/open-source components},
  booktitle = {Proceedings of the First Workshop on Language Resources and Technologies for Turkic Languages at the Eighth International Conference on Language Resources and Evaluation (LREC'12)},
  year = {2012},
  month = {{M}ay 21},
  date = {21},
  address = {İstanbul, Turkey},
  editorLREC = {Nicoletta Calzolari (Conference Chair) and Khalid Choukri and Thierry Declerck and Mehmet Uğur Doğan and Bente Maegaard and Joseph Mariani and Jan Odijk and Stelios Piperidis},
  publisherLREC = {European Language Resources Association (ELRA)},
  isbnLREC = {978-2-9517408-7-7},
  language = {english},
}

@book{isxakovpalmbax61,
	title = "Грамматика Тувинского языка: фонетика и морфология",
	author = "Ф. Г. Исхаков and А. А. Пальмбах",
	publisher = "Москва: Издательство восточной литературы",
	year = "1961",
}


@book{somfaikara02,
	AUTHOR = "Somfai Kara, Dávid",
	TITLE = "Kazak",
	PUBLISHER = "Lincom Europa",
	address = "München",
	YEAR = "2002",
	series = "Languages of the World/Materials",
	volume = "417"
}


@book{andersonharrison99,
	author = "Gregory David Anderson and K. David Harrison",
	title = "Tyvan",
	series = "Languages of the World/Materials",
	volume = "257",
	year = "1999",
	publisher = "Lincom Europa",
	address = "München"
}


@book{koskenniemi83,
	author = "K. Koskenniemi",
	year = "1983",
	title = "Two level morphology: a general computational model for word­form recognition and production",
	address = "Helsinki",
	publisher = "Helsingin yliopisto"
}
