@inproceedings{koehn2005,
   author = {Philipp Koehn},
   title = {Europarl: A Parallel Corpus for Statistical Machine Translation},
   booktitle = {Proceedings of MT Summit},
   year = 2005
}


