
@article{lyu2006,
	author = {{Dau-cheng} Lyu and {Ren-yuan} Lyu and {Yuang-chin} Chiang and {Chun-nan} Hsu},
	title =  {Language identification by using syllable-based duration classification on code-switching speech},
	booktitle = {Proceedings of the 5th International Symposium on Chinese Spoken Language Processing, ISCSLP 2006},
	pages = {475--484},
	year = 2006
}
