@article{oregan2013,
	author = {Jim O'Regan and Mikel L. Forcada},
	title = {Peeking through the language barrier: the
development of a free/open-source gisting system for {Basque} to {English} based on
\texttt{apertium.org}},
	journal = {Procesamiento del Lenguaje Natural},
	volume = 51,
	pages = {15--22},
	year = 2013
}

@inproceedings{trosterud12,
	author = {Trond Trosterud and Kevin Brubeck Unhammer},
	title = {Evaluating North SÃ¡mi to Norwegian assimilation RBMT},
	booktitle = {Proceedings of the Third International Workshop on Free/Open-Source Rule-Based Machine Translation (FreeRBMT 2012)},
	year = 2012
}

@article{church93,
	author = {Kenneth W. Church and Eduard H. Hovy},
	title = {Good applications for crummy machine translation},
	journal = {Machine Translation},
	volume = 8,
	number = 4,
	pages = {239--258},
	year = 1993
}
