@InProceedings{washingtonipasovtyers12,
  author = {Jonathan Washington and Mirlan Ipasov and Francis Tyers},
  title = {A finite-state morphological transducer for {K}yrgyz},
  booktitle = {Proceedings of the Eight International Conference on Language Resources and Evaluation (LREC'12)},
  year = {2012},
  month = {{M}ay 23-25},
  date = {23-25},
  address = {Istanbul, Turkey},
  editor = {Calzolari, {Nicoletta (Conference Chair)} and Khalid Choukri and Thierry Declerck and Mehmet Uğur Doğan and Bente Maegaard and Joseph Mariani and Jan Odijk and Stelios Piperidis},
  publisher = {European Language Resources Association (ELRA)},
  isbn = {978-2-9517408-7-7},
  language = {english},
}

@InProceedings{tyerswashingtonsalimzyanbattalov12,
  author = "Tyers, Francis and Jonathan North Washington and Ilnar Salimzyan and Rustam Batalov",
  title = {A prototype machine translation system for {T}atar and {B}ashkir based on free/open-source components},
  booktitle = {Proceedings of the First Workshop on Language Resources and Technologies for Turkic Languages at the Eight International Conference on Language Resources and Evaluation (LREC'12)},
  year = {2012},
  month = {{M}ay 21},
  date = {21},
  address = {Istanbul, Turkey},
  editorLREC = {Nicoletta Calzolari (Conference Chair) and Khalid Choukri and Thierry Declerck and Mehmet Uğur Doğan and Bente Maegaard and Joseph Mariani and Jan Odijk and Stelios Piperidis},
  publisherLREC = {European Language Resources Association (ELRA)},
  isbnLREC = {978-2-9517408-7-7},
  language = {english},
 }

@mastersthesis{washington10,
	TITLE = "Sonority-based affix unfaithfulness in {T}urkic languages",
	AUTHOR = "Jonathan North Washington",
	YEAR = "2010",
	SCHOOL = "University of Washington",
}


@INPROCEEDINGS{TyersAlperen2010,
  author =       {Francis M. Tyers and Murat S. Alperen},
  title =        {{SETimes: A parallel corpus of Balkan languages}},
  booktitle =    {{Proceedings of the MultiLR Workshop at the Language
                  Resources and Evaluation Conference, LREC2010}},
  year =         2010,
  pages =        {49--53},
  address =      {Malta},
}


@article{apertium/2011,
        title = {Apertium: a free/open-source platform for rule-based machine translation},
        journal = {Machine Translation},
        author = {Forcada, Mikel L. and {Ginestí-Rosell}, Mireia and Nordfalk, Jacob and {O’Regan}, Jim and {Ortiz-Rojas}, Sergio and {Pérez-Ortiz}, Juan Antonio and {Sánchez-Martínez}, Felipe and {Ramírez-Sánchez}, Gema and Tyers, Francis M.},
  volume =       25,
  number =       2,
  pages =        {127--144},
        year = {2011},
}

@inbook{hfst/2011,
title = "HFST—Framework for Compiling and Applying Morphologies",
author = "Krister Linden and Miikka Silfverberg and Erik Axelson and Sam Hardwick and Tommi Pirinen",
year = "2011",
editor = "Cerstin Mahlow and Michael Pietrowski",
volume = "Vol. 100",
isbn = "978-3-642-23137-7",
series = "Communications in Computer and Information Science",
pages = "67-85",
booktitle = "Systems and Frameworks for Computational Morphology",
}

@article{coltekin2010,
        author = "Çöltekin, Çağrı",
        title = {A Freely Available Morphological Analyzer for {T}urkish},
        journal = {Proceedings of the 7th International Conference on Language Resources and Evaluation (LREC2010)},
        pages = {820--827},
        year =  2010
}

@article{altintas2001,
        author = {Kemal Altintas},
        title = {A Morphological Analyser for {C}rimean {T}atar},
        journal = {Proceedings of Turkish Artificial Intelligence and Neural Network Conference},
        year = 2001
}

@article{tantug2006,
        author = {A. Cüneyd Tantuğ and Eşref Adalı and Kemal Oflazer},
        title = {Computer Analysis of {T}urkmen Language Morphology},
        journal = {Advances in natural language processing, proceedings (LNAI)},
        pages = {186--193},
        year = 2006
}


@article{levenshtein/1966,
        author = {V. I. Levenshtein},
        title = {Binary codes capable of correcting deletions, insertions, and reversals},
        journal = {Soviet Physics---Doklady 10, 707–710. Translated from Doklady Akademii Nauk SSSR},
        pages = {845--848},
        year = 1966
}


@book{karlsson95,
	author		=	"F. Karlsson and A. Voutilainen and J. Heikkilä and A. Anttila",
	title		=	"Constraint Grammar: A language independent system for parsing unrestricted text",
	publisher 	=	"Mouton de Gruyter",
	year		=	1995,
}


@mastersthesis{hamzaoglu93,
	author = {Ilker Hamzaoğlu},
	title = {{Machine translation from Turkish to other Turkic languages and an implementation for the Azeri language}},
        school = {Bogazici University},
	year = 1993,
} %Bogazici, Istanbul

@mastersthesis{altintas01,
        author = "Kemal Altintas",
        title = "{Turkish To Crimean Tatar Machine Translation System}",
	school = {Bilkent University},
        year = 2001
} %bilkent


@inproceedings{tantug07,
	author = {A. Cüneyd Tantuğ and Eşref Adali and Kemal Oflazer},
 	title = {{A MT system from Turkmen to Turkish employing finite state and Statistical Methods}},
	booktitle = {Proceedings of MT Summit XI, Copenhagen, Denmark},	
	year = 2007
}

@inproceedings{suleymanov08,
	author = {R. A. Gilmullin},
	title = {{The Tatar-Turkish Machine Translation Based On The Two-Level Morphological Analyzer}},
	booktitle = {Interactive Systems and Technologies : The Problems of Human-Computer Interaction},
	address = {Ulyanovsk},
        pages = {179--186},
	year = 2008
}

@inproceedings{tyers08,
     author = {F. M. Tyers and J. A. Pienaar},
     title = {Extracting bilingual word pairs from Wikipedia},
     booktitle = {Proceedings of the SALTMIL Workshop at the Language Resources and Evaluation Conference, LREC2008},
     pages = {19--22},
     year = 2008
}

@InProceedings{tyerswashingtonsalimzyan13,
  author =       {Ilnar Salimzyanov and Jonathan North Washington and Francis M. Tyers},
  title =        {A free/open-source Kazakh-Tatar machine translation system},
  booktitle =    {Proceedings of the XIV MT Summit}, 
  pages =        {175--182},
  year =         2013,
  address =      {Nice, France},
  month =        {September}
}

@InProceedings{tyers12a,
  author =       {Francis M. Tyers and Felipe S\'anchez-Mart\'inez and
                  Mikel L. Forcada},
  title =        {Flexible finite-state lexical selection for
                  rule-based machine translation},
  booktitle =    {Proceedings of the 16th Annual Conference of the
                  European Association for Machine Translation},
  pages =        {213--220},
  year =         2012,
  address =      {Trento, Italy},
  month =        {May}
}

@InProceedings{washingtonsalimzyantyers14,
  author = {Jonathan Washington and Ilnar Salimzyanov and Francis Tyers},
  title = {Finite-state morphological transducers for three Kypchak languages},
  booktitle = {Proceedings of the Eight International Conference on Language Resources and Evaluation (LREC'14)},
  year = {2014},
  editor = {Calzolari, {Nicoletta (Conference Chair)} and Khalid Choukri and Thierry Declerck and Mehmet Uğur Doğan and Bente Maegaard and Joseph Mariani and Jan Odijk and Stelios Piperidis},
  publisher = {European Language Resources Association (ELRA)},
  language = {english},
}


@inproceedings{nakov2012,
  author = {Preslav Nakov and J\"{o}rg Tiedemann},
  title = {Combining Word-Level and Character-Level Models for Machine Translation Between Closely-Related Languages},
  booktitle = {Proceedings of the 50th Annual Meeting of the Association for Computational Linguistics},
  pages = {301--305},
  year = 2012
}

@inproceedings{TiedemannEACL2012,
  author    = {J{\"{o}}rg Tiedemann},
  title     = {Character-Based Pivot Translation for Under-Resourced Languages and
               Domains},
  booktitle = {{EACL} 2012, 13th Conference of the European Chapter of the Association
               for Computational Linguistics, Avignon, France, April 23-27, 2012},
  year      = {2012},
  pages     = {141--151},
  url       = {http://aclweb.org/anthology-new/E/E12/E12-1015.pdf},
  timestamp = {Wed, 29 Oct 2014 12:57:47 +0100},
  biburl    = {http://dblp.uni-trier.de/rec/bib/conf/eacl/Tiedemann12},
  bibsource = {dblp computer science bibliography, http://dblp.org}
}

@inproceedings{TiedemannEAMT2009,
   author    = {J\"{o}rg Tiedemann},
   title     = {{Character-based PSMT for Closely Related Languages}},
   year      = {2009},
   booktitle = {{Proceedings of 13th Annual Conference of the European Association for Machine Translation (EAMT’09)}},
   pages     = {12--19}
}

@inproceedings{koehn2007,
   author = {Philipp Koehn and Hieu Hoang and Chris Callison-Burch and Marcello Federico and Nicola Bertoldi and Brooke Cowan and Wade Shen and Christine Moran and Richard Zens and Chris Dyer and Ondrej Bojar and Alexandra Constantin and Evan Herbst},
   title = {{Moses: Open Source Toolkit for Statistical Machine Translation}},
   booktitle = {{Demonstration session at the Annual Meeting of the Association for Computational Linguistics (ACL2007)}},
   year = 2007
}

@INPROCEEDINGS{zens2002,
    author = {Richard Zens and Franz Josef Och and Hermann Ney},
    title = {Phrase-Based Statistical Machine Translation},
    booktitle = {KI - 2002: Advances in Artificial Intelligence. 25. Annual German Conference on AI, KI 2002},
    year = {2002},
    pages = {18--32},
    volume = 2479,
    publisher = {Springer Verlag}
}

